3053 3697
2547 197 2606 251 ¹8

126 340 249 396 διῆκε
282 336 426 394 gemifi,
460 333 660 386 omutbe
692 330 765 387 id),
799 329 854 388 ἰῷ
888 330 990 387 wei&
1023 333 1066 375 es
1097 342 1140 375 u.
1175 330 1204 385 5.
1238 339 1311 385 m„
1345 329 1395 373 ba
1429 327 1485 373 im
1521 328 1740 384 :Deutfssen
1785 328 1877 385 birse
1921 331 2004 375 aab
2049 329 2143 375 cieIt
2185 328 2353 389 ᾶβιιιίῴι
2397 330 2518 387 3⁶⁸:
2559 328 2607 378 in

30 390 45 403 ⁶
124 415 235 466 einen
268 416 415 460 unbem
449 410 550 462 &aa
584 405 848 472 ἀηςιῐῷοῐκη
880 407 1034 452 methea
1067 403 1231 461 tinum,
1266 405 1365 458 ohne
1399 405 1473 459 auf
1503 406 1627 462 befl'm
1661 404 1934 462 &ouibufflon
1967 404 2079 453 einen
2113 405 2279 463 einans
2312 421 2357 466 gu
2389 408 2508 465 siben,
2544 407 2604 455 ίιιι

122 489 379 545 &minimest
412 484 600 543 bingegen
636 482 696 529 bie
729 483 829 538 Bab!
869 485 934 529 bet
966 479 1010 529 in
1043 480 1229 538 bersaben
1261 478 1386 535 &eise
1430 479 1744 553 eiagefibobemn
1787 483 1932 529 Verba
1973 484 2217 530 declarandi
2261 487 2342 530 unb
2385 488 2602 532 sentiendi

121 566 207 614 eine
239 561 404 624 ῡίιηιῐίεῐ)
438 560 670 617 βεῐῴτᾶηῑῐε
702 559 761 617 ἰῇ,
795 562 835 616 fo
869 558 1012 615 btitfte,
1046 557 1139 603 eben
1171 570 1306 615 twegen
1340 556 1455 612 bieset
1487 558 1751 617 meicbung
1783 571 1878 605 cont
1912 559 2149 616 Dcutftbm,
2183 560 2244 605 bie
2260 561 2509 620 qufiiblung
2534 566 2601 608 bct

123 647 288 698 legurm
321 639 364 685 in
399 637 824 695 υπαηῐῲαιιιίᾠιηδεη
857 637 1018 684 &teum
1050 640 1130 682 aas
1164 638 1237 680 ben
1259 636 1376 681 Ἰίῑαιι
1411 635 1514 692 nidpt
1530 636 1755 696 tiberflfiffig
1786 636 1877 693 sein.
1943 641 2083 684 Ennio
2110 640 2315 694 delector,
2350 645 2422 685 ait
2454 647 2598 698 quis·

124 723 264 778 piam
297 717 390 762 Cic.
409 716 487 760 Or.
510 717 585 772 11,
604 715 667 762 36
723 715 847 770 Cura,
881 715 1071 758 amabo
1105 723 1181 767 te,
1216 712 1467 757 Ciceronem
1488 725 1678 759 nostrum
1696 715 1785 758 Cic.
1804 716 1858 758 ad
1874 716 1965 758 Λα.
1981 716 2035 759 Π.
2051 718 2095 766 2,
2118 718 2142 760 1
2156 748 2170 771 ,
2203 717 2298 772 autb
2316 717 2599 774 cotougestesst:

124 795 289 842 Amabo
307 804 366 849 te,
391 795 445 838 da
461 792 568 837 mihi
592 792 673 837 hoc
691 791 780 837 Cic.
794 793 847 836 ad
864 791 958 836 Att.
973 789 1096 835 XVI.
1115 790 1190 845 16,
1208 790 1258 844 C,
1274 791 1350 845 10,
1382 790 1574 847 Medere,
1592 793 1744 836 amabo
1759 792 1850 835 Cic.
1863 794 1919 835 ad
1934 794 2023 836 Att.
2040 791 2098 836 X.
2117 795 2190 848 10,
2202 795 2256 845 3;
2291 795 2434 846 simul,
2468 797 2600 838 mihi

127 877 213 914 cre
228 871 254 914 d
268 887 315 925 e,
348 873 568 926 requiesco
581 867 670 912 Cic.
689 870 744 921 ad
761 870 850 912 Att.
862 866 980 910 VIII.
998 868 1074 922 14,
1092 869 1117 911 1
1131 899 1144 919 ,
1179 865 1294 910 Mihi
1326 868 1474 921 crede,
1509 869 1629 927 leges
1647 870 1753 913 haec
1775 870 1866 912 Cic.
1886 871 1941 912 ad
1957 870 2047 912 Att.
2067 870 2122 912 11.
2141 871 2186 923 2,
2211 874 2234 914 1
2249 903 2262 922 ,
2297 872 2420 914 Haec
2436 881 2502 914 est
2518 887 2601 914 nna

128 951 212 1000 via,
232 947 337 991 mibi
356 947 532 999 credite,
567 944 656 990 Cic.
675 944 787 989 Sest.
808 944 888 996 65,
914 944 1033 994 1373
1066 942 1224 999 Caput,
1260 945 1382 988 cred
1397 960 1443 996 o,
1479 946 1736 1002 triumphare
1752 945 1841 989 Cic.
1861 946 1913 988 ad
1938 946 2029 989 Att.
2043 945 2077 988 I.
2091 945 2169 1000 20,
2184 948 2234 997 53
2269 947 2354 1000 Tu,
2378 962 2478 991 cen
2493 961 2599 1001 seo,

124 1024 350 1069 Luceriam
382 1024 530 1068 venias
565 1017 818 1075 (Mannffld)
853 1030 930 1066 nur
964 1016 1038 1065 mit
1071 1016 1330 1075 Goniunftiv)
1373 1019 1463 1066 Cic.
1499 1022 1552 1066 ad
1586 1021 1676 1066 Act.
1710 1020 1830 1068 VIII.
1870 1023 1915 1076 1,
1951 1023 2003 1074 13
2050 1020 2186 1074 Quam
2234 1023 2460 1067 hesternus
2508 1023 2601 1067 dies

121 1100 263 1154 nobis,
299 1098 591 1144 consularibus
624 1099 766 1152 dico,
801 1099 933 1152 turpis
965 1096 1131 1139 illuxit!
1168 1096 1256 1140 Cic.
1290 1096 1402 1140 Phil.
1439 1095 1563 1140 an.
1601 1100 1644 1151 7,
1680 1099 1759 1149 20,
1795 1095 1887 1141 abet
1915 1096 2035 1148 Quae
2054 1098 2289 1154 Charybdis
2322 1110 2407 1142 tam
2435 1101 2602 1143 vorax?

123 1176 439 1232 Charybdin
472 1177 566 1220 dieo
606 1178 702 1227 (πυτ
736 1176 800 1218 bet
832 1170 1072 1219 §instinctio
1106 1170 1226 1223 mitt),
1263 1171 1338 1218 wie
1372 1173 1552 1229 betannt,
1597 1186 1687 1231 gum
1728 1172 1947 1229 nituisti»)
1990 1174 2079 1219 Cic.
2125 1175 2235 1220 Phil.
2279 1177 2333 1219 11.
2377 1178 2465 1230 27,
2511 1177 2602 1229 6713

125 1254 236 1309 quod
269 1257 452 1310 positum
486 1261 551 1297 est
584 1256 629 1297 in
664 1251 841 1295 alterius
874 1250 1110 1303 voluntate,
1147 1265 1210 1294 ne
1244 1251 1414 1295 dicam
1456 1251 1636 1295 libidine
1670 1250 1760 1295 Cic.
1792 1252 1861 1294 .ad
1901 1251 2019 1295 Fam.
2052 1249 2135 1295 IX.
2174 1251 2258 1306 16,
2303 1253 2352 1303 3;
2398 1254 2601 1306 didicisti,

123 1346 231 1374 non
265 1333 438 1387 dicam
472 1345 641 1387 operam
674 1330 895 1385 perdidisti
928 1327 1018 1371 Cic.
1053 1344 1127 1382 pro
1161 1326 1273 1371 Mur.
1311 1315 1385 1380 10,
1419 1327 1506 1378 23;
1540 1344 1710 1383 paene
1745 1327 1949 1380 dicam,
1984 1342 2199 1383 respersas
2224 1344 2371 1372 manus
2391 1330 2599 1388 sanguine

122 1415 301 1462 paterno
329 1408 497 1463 judiees
529 1407 705 1449 videant
738 1414 904 1460 oportet
940 1403 1030 1447 Cic.
1066 1404 1193 1447 Rosc.
1228 1404 1322 1446 Am.
1358 1405 1437 1458 24,
1472 1405 1561 1454 68;
1597 1405 1703 1448 illud
1737 1421 1863 1448 vere
1898 1406 2100 1459 dicam,
2143 1421 2212 1449 me
2244 1416 2385 1449 movet
2417 1406 2505 1450 Cic.
2542 1407 2599 1448 ad

121 1484 244 1526 Fam.
281 1483 356 1526 111.
395 1484 440 1536 6,
477 1484 531 1532 5;
567 1481 676 1524 Sunt
708 1482 790 1524 duo
826 1494 998 1524 menses
1025 1483 1131 1537 jam,
1167 1482 1324 1524 dices
1357 1480 1448 1524 Cic.
1483 1482 1610 1526 Rosc.
1645 1480 1763 1524 com.
1797 1483 1844 1533 3,
1882 1481 1934 1531 8;
1968 1479 2062 1525 mit
2089 1479 2184 1533 ὄβα
2212 1478 2477 1537 botangtfltsst
2492 1479 2599 1535 meist

123 1555 198 1603 mit
228 1558 426 1615 folgenbct
458 1560 607 1614 &teget
643 1555 798 1600 Dices:
836 1565 880 1598 tu
914 1571 1017 1613 ergo
1049 1555 1153 1599 haec
1188 1556 1397 1611 quomodo
1432 1556 1666 1601 fers'frCic.
1701 1558 1755 1600 ad
1788 1557 1878 1601 Att.
1897 1557 1991 1601 lv.
2030 1558 2105 1610 16,
2143 1559 2227 1607 10;
2260 1557 2474 1600 Dedemus
2492 1573 2595 1616 ergo

121 1634 440 1678 Hannibalem?
473 1635 621 1676 dicet
653 1633 858 1687 aliquis
890 1633 987 1675 Liv.
1024 1629 1150 1674 XXI.
1189 1632 1264 1685 10,
1302 1634 1383 1683 11;
1420 1649 1445 1676 o
1480 1634 1654 1676 stultum
1683 1633 1914 1685 hominem,
1950 1634 2166 1677 dixerit
2201 1636 2472 1689 quispiam
2504 1634 2596 1677 Cic.

124 1712 214 1756 Off.
249 1712 329 1755 Ill.
361 1713 436 1766 27,
476 1712 593 1760 100;
629 1711 727 1766 quid
762 1718 829 1754 est
861 1712 1006 1768 igitur,
1040 1710 1252 1754 dixerit
1285 1712 1432 1765 quis,
1467 1713 1513 1754 in
1539 1710 1842 1767 jurejurando?
1876 1708 1966 1752 Cic.
2002 1707 2090 1753 Off.
2125 1709 2200 1753 III.
2224 1710 2303 1764 28,
2343 1711 2455 1759 103,·
2490 1709 2597 1754 Ver-

126 1804 198 1833 sus
233 1791 345 1832 enim
379 1798 546 1831 veteres
579 1787 647 1830 illi
680 1790 725 1830 in
759 1787 840 1830 hac
872 1786 1016 1830 soluta
1047 1788 1237 1830 oratione
1271 1787 1594 1843 propemodum,
1620 1787 1683 1830 ho
1698 1803 1720 1830 c
1754 1795 1860 1840 est,
1894 1802 2092 1830 numeros
2125 1787 2328 1842 quosdam
2344 1787 2468 1830 nobis
2501 1803 2596 1830 esse

130 1866 393 1911 adhibendos
427 1873 676 1921 putaverunt
709 1863 800 1906 Cic.
835 1864 887 1905 de
923 1861 999 1904 Or.
1032 1862 1108 1906 III.
1141 1863 1221 1912 44,
1262 1864 1373 1914 173;
1415 1864 1524 1907 Item
1558 1868 1825 1907 narrationes
1857 1873 1905 1906 ut
1938 1865 1991 1906 ad
2024 1879 2126 1907 suos
2159 1864 2268 1907 fines
2300 1874 2516 1920 spectent,
2553 1866 2594 1908 id

125 1953 205 1998 est,
239 1952 285 1985 ut
316 1942 469 1998 planae
499 1944 585 1984 sint
619 1939 709 1983 Cic.
746 1938 855 1995 Top.
892 1939 971 1992 26,
1005 1939 1091 1989 9⁷3
1125 1939 1238 1994 Non,
1273 1943 1479 1995 inquit,
1514 1942 1590 1984 sed
1621 1941 1698 1983 ille
1731 1942 1890 1983 idcirco
1924 1941 1992 1983 his
2022 1941 2190 1998 legibus
2208 1942 2507 1984 condemnatus
2532 1952 2600 1986 est

123 2012 213 2064 Cic.
247 2034 324 2075 pro
358 2018 529 2061 Cluent.
566 2018 646 2070 34,
681 2018 769 2065 92;
804 2018 883 2058 Est
916 2031 1035 2068 vero,
1069 2020 1239 2071 inquam
1274 2018 1363 2060 Cic.
1399 2016 1493 2059 Cat.
1528 2017 1605 2060 ΠΙ.
1639 2018 1684 2069 5,
1725 2019 1807 2065 10;
1852 2014 1976 2060 Nihil
2008 2019 2116 2070 scio,
2161 2021 2327 2072 inquies
2361 2016 2449 2061 Cic.
2482 2017 2593 2060 Phil.

121 2098 175 2141 II.
215 2096 290 2152 16,
324 2096 414 2146 413
451 2097 519 2138 cui
552 2095 721 2151 quidem
756 2093 946 2149 Cranter,
981 2095 1198 2149 inquiunt,
1233 2104 1375 2138 vester
1407 2094 1641 2136 cedendum
1673 2103 1792 2149 putat
1825 2092 1913 2136 Cic.
1950 2092 2081 2139 Tusc.
2108 2093 2184 2136 111.
2219 2094 2297 2148 29,
2324 2094 2408 2143 ⁷13
2441 2091 2598 2145 (immet

121 2173 405 2232 botangestelst)
438 2171 620 2215 Narro
655 2173 784 2215 tibi:
820 2172 945 2228 plane
979 2172 1195 2230 relegatus
1228 2173 1334 2215 mihi
1365 2172 1513 2214 videor
1545 2171 1635 2214 Cic.
1670 2173 1724 2213 ad
1757 2172 1845 2213 Att.
1880 2170 1937 2215 11.
1976 2172 2058 2219 11;
2094 2169 2297 2215 Nescio
2334 2173 2596 2226 quomodo

121 2269 189 2297 me
222 2254 358 2311 magis
393 2260 538 2292 nostra
571 2251 786 2293 delectant
818 2249 907 2292 Cic.
943 2248 1047 2291 Div.
1079 2249 1112 2291 I.
1150 2250 1228 2301 26,
1267 2251 1354 2299 55;
1390 2249 1497 2292 haec
1530 2251 1732 2305 cogitatio
1756 2248 1950 2291 dolorem
1973 2249 2120 2292 nescio
2138 2265 2220 2302 qno
2237 2259 2360 2304 pacto
2385 2252 2596 2293 mitiorem

119 2331 221 2375 facit
254 2329 344 2372 Cic.
381 2327 512 2372 Tusc-
546 2327 602 2370 Π.
639 2327 719 2380 22,
756 2326 841 2376 533
876 2326 1137 2382 praeclarum
1171 2330 1316 2370 nescio
1351 2327 1450 2382 quid
1482 2327 1623 2381 adepti
1656 2334 1755 2368 sunt
1789 2324 1878 2369 Cic.
1912 2323 2043 2368 Tusc.
2076 2323 2109 2367 Ι.
2146 2326 2225 2378 21,
2259 2326 2346 2376 49;
2390 2343 2464 2371 cnr
2494 2342 2594 2384 ergo

123 2406 195 2450 hic
228 2406 374 2449 nescio
409 2407 479 2458 qui
513 2404 757 2446 thesaurum
799 2402 919 2445 solus
951 2404 1143 2445 invenit?
1188 2402 1280 2446 Cic.
1324 2403 1425 2459 Div.
1468 2403 1522 2445 ll.
1559 2404 1646 2456 65,
1694 2403 1810 2450 134;
1860 2411 2007 2444 contra
2050 2417 2140 2444 rem
2185 2418 2301 2445 suam
2342 2419 2411 2446 me
2451 2405 2594 2446 nescio

121 2483 285 2540 quando
320 2482 490 2524 venisse
524 2489 696 2537 questus
729 2487 796 2523 est
829 2478 919 2523 Cic.
952 2477 1064 2522 Phil.
1098 2478 1153 2522 II.
1187 2480 1234 2534 2,
1268 2480 1313 2534 3,
1346 2476 1489 2533 fttssid)
1522 2477 1636 2533 autb:
1672 2494 1755 2535 quo
1788 2487 1861 2522 ant
1894 2494 1976 2534 qna
2007 2488 2080 2522 aut
2112 2480 2210 2534 quid
2238 2480 2363 2524 nobis
2379 2474 2592 2542 hgendurn

118 2563 190 2613 sit,
225 2560 370 2603 nescio
405 2556 494 2602 Cic.
528 2558 584 2601 ad
616 2558 705 2601 Att.
740 2555 838 2602 Vll.
876 2556 951 2601 12.
986 2557 1057 2611 23,
1079 2556 1236 2610 nolite,
1271 2557 1528 2615 o'bsecro,
1570 2560 1831 2601 committere
1866 2555 1989 2599 Caes.
2023 2554 2075 2598 Β.
2110 2555 2158 2600 C.
2193 2556 2268 2600 III.
2303 2558 2388 2608 64;
2431 2560 2596 2608 (notatu

119 2634 276 2693 gtstellt)
310 2634 517 2685 Obsecro,
554 2633 726 2686 Caesar,
759 2643 920 2689 repete,
956 2632 1044 2677 Cic.
1077 2649 1153 2688 pro
1187 2634 1287 2690 Dej.
1326 2634 1371 2687 ⁷,
1412 2635 1494 2684 193
1528 2633 1724 2692 Ignosce,
1759 2633 1934 2677 obsecro
1968 2642 2028 2687 te,
2063 2632 2154 2677 Cic.
2171 2635 2225 2677 ad
2248 2636 2339 2678 Att.
2357 2633 2434 2677 xl.
2470 2635 2514 2688 8,
2534 2635 2592 2683 63

124 2711 250 2764 Quod
282 2712 336 2755 ad
369 2710 574 2754 Tironem
607 2710 661 2753 de
695 2710 904 2754 Terentia
933 2710 1098 2763 scribis,
1134 2710 1314 2754 obsecro
1347 2720 1407 2763 te,
1441 2713 1501 2753 mi
1532 2711 1690 2762 Attice,
1725 2712 1891 2764 suscipe
1924 2709 2060 2752 lotum
2093 2715 2308 2768 negotium
2327 2710 2413 2754 Cic.
2430 2711 2484 2753 ad
2499 2711 2593 2754 Att.

119 2786 223 2834 XII.
260 2789 338 2841 19,
382 2787 435 2836 4;
470 2784 617 2831 Nolite
632 2817 645 2838 ,
681 2788 859 2831 obsecro
895 2801 996 2840 vos,
1046 2787 1309 2830 acerbiorem
1342 2787 1448 2831 mihi
1480 2790 1568 2843 pati
1600 2786 1780 2829 reditum
1823 2801 1921 2830 esse
1961 2785 2052 2830 Cic.
2097 2802 2172 2842 pro
2216 2787 2313 2830 Mil.
2358 2787 2437 2840 37,
2482 2787 2595 2842 103,

120 2863 212 2912 abet
245 2864 340 2921 autb
373 2879 450 2909 vos
485 2864 677 2918 obsecro,
704 2865 903 2922 judices,
936 2873 995 2909 ut
1028 2863 1134 2917 Cic.=
1154 2880 1228 2921 pro
1262 2864 1361 2909 Mil.
1394 2864 1473 2920 36,
1511 2864 1627 2915 100;
1669 2863 1846 2918 habent,
1881 2865 2104 2920 opinor,
2150 2864 2309 2909 liberae
2351 2863 2597 2923 legationes

121 2943 342 2986 definitum
374 2951 539 2998 tempus
573 2938 662 2985 Cic.
697 2941 752 2984 ad
783 2941 875 2984 Att.
911 2939 1016 2987 XV.
1055 2943 1129 2995 11,
1161 2941 1217 2991 43
1254 2940 1435 2997 opinor,
1469 2942 1667 2986 concedis
1699 2941 1837 2985 multo
1870 2941 1953 2984 hoc
1985 2955 2082 2984 esse
2115 2944 2283 3000 gravius
2315 2940 2406 2985 Cic.
2431 2940 2595 2985 Caecil·

126 3020 201 3074 16,
237 3019 326 3070 543
360 3019 460 3072 Dic,
497 3033 593 3063 oro
626 3026 701 3071 te,
737 3018 892 3062 clarius
925 3017 1018 3064 Cic.
1050 3018 1104 3062 ad
1135 3019 1226 3063 Att.
1259 3017 1337 3063 IV.
1361 3019 1418 3074 ⁴8,
1451 3016 1504 3065 B.
1542 3019 1594 3069 13
1628 3015 1719 3061 Oro
1753 3027 1810 3073 te,
1845 3019 1938 3072 quis
1970 3026 2017 3060 tu
2050 3018 2127 3062 es?
2160 3016 2251 3061 Cic.
2284 3017 2339 3061 ad
2362 3016 2593 3062 rmVu.

125 3095 200 3150 16,
235 3096 281 3151 2,
315 3094 424 3147 mobl
455 3105 534 3139 nur
566 3109 640 3139 oro
673 3103 717 3139 te
750 3094 806 3150 fo,
841 3094 1011 3152 bageam
1043 3104 1086 3139 te
1122 3110 1196 3140 oro
1230 3093 1304 3140 mit
1333 3104 1404 3139 ut:
1440 3095 1507 3140 'l'e
1541 3109 1633 3148 oro,
1667 3103 1715 3137 nt
1748 3095 1801 3137 de
1835 3093 1915 3137 hac
1948 3098 2104 3139 misera
2137 3098 2302 3158 cogites
2319 3094 2409 3138 Cic.
2427 3095 2480 3137 ad
2498 3085 2612 3137 Att-⁴

118 3171 202 3218 XI.
237 3172 315 3228 23,
351 3172 405 3222 3;
438 3170 612 3225 Nolite,
649 3188 724 3217 oro
757 3186 850 3225 vos,
884 3175 1036 3228 inquit.
1070 3171 1178 3230 Nep.
1215 3173 1370 3218 Thras.
1402 3173 1449 3228 4,
1485 3173 1539 3222 23
1586 3186 1640 3216 ne
1684 3172 1762 3215 illa
1794 3171 1984 3226 quidem,
2029 3187 2103 3216 oro
2136 3186 2239 3225 vos,
2282 3180 2454 3216 movent
2491 3172 2592 3215 Liv.

118 3247 176 3293 V.
195 3252 240 3304 5,
269 3252 317 3302 1;
351 3265 471 3302 oro,
508 3249 764 3304 obsecro,
799 3252 974 3309 ignosoe
1009 3247 1098 3294 Cic.
1133 3251 1188 3295 ad
1219 3251 1308 3296 Att.
1341 3248 1423 3295 XI.
1459 3249 1506 3303 2,
1541 3249 1594 3300 3;
1630 3249 1801 3305 bageam
1833 3256 1884 3298 te,
1911 3264 1991 3295 oro
2023 3258 2068 3293 et
2101 3247 2277 3294 obsecro
2311 3245 2385 3292 mit
2415 3257 2465 3292 ut
2497 3247 2589 3294 Cic-
