2953 3697
71 272 256 327 quinque
288 268 344 312 ab
376 266 480 309 urbe
513 259 632 311 milia
662 272 861 315 passuum
894 242 1232 315 ciffiris‘pesitis
1266 256 1366 300 Liv.
1402 225 1570 311 ἔξω,
1606 259 1664 310 53
1716 266 1855 302 casm
1886 260 2071 324 quinque
2103 259 2222 304 nilis
2258 255 2456 317 pffi-
2472 258 2542 304 ιδ

68 350 175 394 urbe
205 350 408 394 Eleorum
441 342 582 401 posuit
610 340 704 383 Liv.
741 333 933 381 XXVII.
968 335 1048 392 32,
1084 336 1143 387 73
1179 345 1223 380 et
1255 334 1307 380 M
1336 336 1428 379 fere
1459 345 1506 383 st
1537 337 1796 395 quingentos
1828 351 1979 393 passus
2011 345 2152 381 castra
2181 335 2294 381 locut
2323 329 2377 384 ὦ
2414 337 2541 383 hom

20 428 26 434 ”
70 427 168 473 Liv
201 423 393 482 XXVII.
428 422 508 474 41,
542 419 596 469 2·
642 417 874 472 emporium
919 414 964 457 id
997 422 1064 457 est
1096 413 1219 458 ubis
1253 411 1538 469 Opuntiorum
1570 412 1690 457 mille
1732 427 1931 469 passuum
1974 430 2001 459 a
2033 414 2144 458 mari
2183 416 2291 464 sitae
2332 412 2541 461 XXV'OE·

14 513 17 516 '
72 504 119 556 6,
159 504 243 552 12·
295 509 393 544 octo
426 501 517 541 sere
549 496 646 538 inde
679 492 802 536 milia
836 500 977 535 castra
1009 484 1342 536 dottololum
1374 491 1506 534 movit
1539 487 1712 534 XXXI.
1747 491 1826 545 36,
1861 491 1914 544 63
1956 495 2049 548 ipse
2081 490 2211 549 paulo
2243 489 2337 548 plus
2367 492 2416 538 Μ
2445 508 2540 549 p·-

70 592 193 623 suum
224 577 326 622 inde
361 573 562 620 tumulum
596 572 705 626 cepit
741 564 916 622 XXXI·
951 567 1034 622 41,
1069 567 1124 620 93
1175 568 1288 611 infra
1320 562 1416 611 eum
1447 568 1589 611 Iocum
1621 567 1724 612 ΜΜ
1756 572 1963 624 (passum)
1999 569 2147 612 consul
2179 576 2322 612 costi-u
2347 569 2542 623 applicuit

70 651 265 700 XXXII.
300 654 380 707 30,
417 654 468 702 53
502 651 682 704 quinque
714 645 835 689 milia
869 646 924 688 ab
959 645 1125 692 Thebis
1157 646 1299 700 posuit
1331 653 1470 688 castra
1500 632 1714 689 XXXIII.
1755 646 1797 697 1,
1820 647 1872 696 13
1906 660 1989 691 sax
2020 645 2152 688 ferme
2185 643 2306 688 milia
2338 658 2366 686 a
2397 642 2543 688 Pheris

72 745 168 776 cum
200 729 462 775 consedisset
493 721 701 768 XXXIII.
719 722 767 774 6,
788 722 842 773 23
890 730 934 764 et
970 720 1054 763 1111
1087 720 1206 764 milia
1236 722 1327 764 fere
1360 736 1387 764 a
1421 721 1573 765 Pheris
1606 723 1749 777 posuit
1782 730 1919 766 castra
1951 721 2083 774 ibim
2121 736 2204 765 neu
2235 723 2406 777 propius
2447 721 2543 764 iude

71 806 191 852 mille
225 820 373 864 passus
407 805 487 846 nisi
518 814 731 846 sacrorum
765 798 1036 855 publicorum
1069 813 1196 842 causa
1227 798 1452 843 veheretur
1483 795 1701 842 XXXIV.
1741 800 1784 851 1,
1821 798 1873 850 33
1919 807 2057 843 castra
2089 800 2170 841 tria
2200 797 2320 841 milia
2350 811 2547 853 passuum

71 886 124 928 ab
157 885 374 941 Emporiis
407 884 538 937 posuit
570 874 789 921 XXXIV.
830 876 907 929 13,
944 878 1000 927 23
1035 878 1371 935 quadringentos
1404 878 1503 920 inde
1536 879 1670 920 ferme
1688 891 1834 932 passus
1851 879 2071 922 constitnit
2092 879 2213 934 signa
2229 871 2448 929 XXXIV,
2467 875 2545 929 20,

70 960 126 1014 43
174 944 218 1006 et
250 960 328 1004 1111
360 961 488 1002 ferme
521 954 643 998 milia
676 953 730 996 ab
763 954 891 1012 Argis
925 954 1068 998 locum
1102 955 1255 997 castris
1290 956 1465 1009 capiunt
1497 951 1716 996 XXXIV.
1751 955 1830 1007 25,
1865 954 1922 1003 43
1957 966 2084 1008 quum
2117 953 2263 997 hostes
2295 952 2417 997 mille
2449 966 2547 1009 pas-

71 1051 193 1080 suum
226 1037 282 1079 ab
317 1034 463 1090 oppido
495 1033 728 1074 movissent
763 1039 902 1073 castra
934 1028 1131 1072 XXXV.
1167 1031 1214 1082 3,
1251 1031 1306 1081 23
1353 1031 1444 1073 sere
1490 1034 1747 1088 quingentos
1779 1045 1928 1084 passus
1962 1030 2014 1073 ab
2061 1029 2185 1073 hoste
2227 1031 2367 1095 posuit
2407 1037 2549 1081 castra

72 1110 272 1156 XXXV.
308 1113 353 1164 3,
387 1111 437 1161 33
472 1107 623 1150 consul
657 1122 738 1149 sex
771 1105 892 1148 milia
923 1108 1058 1150 ferme
1090 1121 1259 1160 passum
1293 1106 1397 1150 inde
1431 1109 1571 1162 posuit
1605 1115 1743 1151 castra
1775 1105 2016 1153 XXXVII.
2052 1106 2096 1161 6,
2130 1106 2185 1158 43
2219 1103 2547 1162 quatuor'miliu

73 1190 128 1234 ab
161 1189 283 1233 hoste
318 1190 451 1244 posuit
486 1195 626 1230 castra
658 1182 891 1229 XXXVII.
929 1185 1006 1238 38,
1042 1189 1098 1234 23
1134 1186 1218 1227 duo
1252 1183 1372 1227 milia
1403 1185 1492 1226 fere
1526 1193 1571 1227 et
1605 1186 1864 1242 quingentos
1896 1198 2045 1240 passus
2080 1182 2134 1227 ab
2167 1182 2291 1227 hoste
2313 1190 2546 1239 posuerunt

74 1276 212 1312 castra
244 1262 475 1310 XXXVII.
511 1265 590 1316 38,
630 1265 684 1315 53
718 1264 771 1306 ad
808 1262 1011 1306 tumulum
1044 1265 1337 1306 imminentem
1371 1263 1467 1304 viae
1502 1264 1640 1305 minus
1674 1261 1794 1305 mille
1829 1276 2027 1316 passuum
2053 1276 2079 1304 a
2112 1263 2259 1305 castris
2288 1257 2542 1304 XXXVIII.

73 1346 153 1394 21,
190 1345 238 1395 13
286 1342 498 1386 duodecim
544 1340 663 1384 milia
696 1355 898 1396 passuum
932 1341 987 1384 ab
1020 1339 1143 1398 Tago
1176 1340 1349 1382 flumine
1382 1347 1616 1394 posuerunt
1650 1347 1791 1382 castra
1824 1336 2045 1382 XXXIX.
2081 1338 2169 1392 30,
2207 1339 2260 1389 83
2304 1338 2420 1381 milia
2459 1338 2541 1381 duo

70 1422 204 1465 ferme
239 1420 332 1462 inde
363 1426 591 1473 posuerunt
625 1425 766 1460 castra
798 1414 899 1461 XL.
935 1417 1013 1471 30,
1047 1416 1102 1468 43
1153 1418 1337 1471 quinque
1369 1416 1504 1458 ferme
1539 1414 1657 1458 milia
1699 1430 1725 1457 a
1758 1417 1867 1458 mari
1898 1419 2039 1471 posuit
2073 1424 2211 1457 castra
2241 1413 2359 1457 XLI.
2398 1417 2447 1467 1,
2483 1416 2540 1460 43

71 1500 155 1539 tria
188 1495 301 1538 milia
330 1508 497 1549 passum
531 1494 584 1535 ab
618 1492 743 1535 hoste
777 1493 919 1536 locum
954 1496 1101 1535 castris
1145 1497 1257 1548 cepit
1306 1489 1384 1534 IV.
1419 1491 1474 1545 9,
1512 1491 1593 1542 133
1638 1494 1723 1547 ipsi
1763 1505 1930 1547 quoque
1973 1491 2092 1536 mille
2131 1494 2264 1536 ferme
2304 1506 2448 1548 passus
2486 1494 2542 1537 ab

72 1574 198 1616 hoste
234 1574 364 1615 locum
399 1574 547 1614 castris
581 1579 785 1626 ceperunt
816 1567 894 1613 IV.
930 1570 1017 1623 27,
1051 1569 1105 1621 33
1149 1570 1269 1614 mille
1311 1578 1354 1613 et
1396 1571 1654 1627 quingentos
1696 1583 1843 1625 passus
1885 1571 1992 1613 citra
2031 1569 2218 1614 Fidenas
2259 1579 2397 1613 castra
2425 1570 2540 1614 locat

71 1650 150 1694 IV.
187 1651 259 1701 32,
295 1649 348 1698 83
383 1649 464 1690 duo
499 1647 618 1690 milia
651 1663 820 1703 passum
853 1647 907 1690 ab
943 1647 1064 1690 hoste
1098 1647 1239 1691 locum
1273 1648 1425 1691 castris
1458 1649 1569 1702 cepit
1600 1645 1676 1690 IV.
1713 1645 1802 1700 46,
1841 1646 1922 1699 123
1967 1655 2106 1690 castra
2145 1662 2171 1690 a
2211 1647 2385 1692 Fidenis
2424 1646 2539 1691 mille

73 1740 260 1782 passuum
293 1725 407 1767 locat
439 1724 473 1765 I.
514 1724 590 1778 14,
628 1724 682 1773 63
719 1733 858 1768 castra
890 1725 944 1766 ab
975 1725 1078 1767 urbe
1113 1724 1225 1766 haud
1256 1724 1352 1779 plus
1386 1726 1571 1778 quinque
1605 1722 1726 1766 milia
1763 1737 1959 1779 passuum
1991 1722 2136 1767 locant
2169 1723 2201 1767 1.
2222 1724 2300 1777 23,
2318 1724 2373 1776 33
2406 1727 2540 1767 miuus

77 1804 324 1860 quingentos
357 1814 506 1856 passus
540 1815 566 1843 a
598 1800 713 1844 vallo
737 1799 1013 1849 'instruxerat
1045 1815 1145 1843 suos
1178 1799 1319 1843 XLII.
1360 1801 1437 1854 58,
1474 1802 1527 1852 53
1568 1801 1790 1843 duodecim
1821 1799 1941 1844 milia
1984 1800 2040 1843 ab
2084 1800 2187 1844 urbe
2229 1804 2368 1856 posuit
2408 1809 2542 1845 cestr·

73 1876 226 1923 XLIII.
267 1879 340 1930 10,
374 1877 428 1928 33
463 1880 648 1932 quinque
683 1878 804 1922 milia
835 1892 1031 1934 passuum
1063 1879 1115 1920 ab
1145 1879 1248 1921 urbe
1279 1881 1424 1932 posuit
1458 1887 1598 1921 castra
1630 1876 1792 1921 XLIII.
1814 1878 1891 1930 22,
1913 1878 1968 1929 83
2003 1879 2188 1933 quinque
2216 1879 2335 1923 milia
2349 1894 2541 1935 passuum

76 1957 129 2000 ab
158 1953 255 1996 urbe
291 1963 428 2001 casti-,a
460 1957 578 2009 ponit
610 1952 773 1997 XLIV.
811 1956 857 2007 8,
896 1957 949 2009 53
995 1957 1088 2011 ipse
1121 1956 1174 1998 ad
1207 1954 1258 1998 Β.
1289 1955 1437 1998 urbem
1471 1958 1656 2011 quinque
1700 1955 1820 1999 milia
1851 1955 1906 1999 ab
1946 1956 2078 1999 Lisso
2123 1956 2238 2000 ducit
2269 1953 2429 2003 XLIV.
2463 1955 2539 2010 30,

78 2034 130 2083 73
161 2041 285 2085 quum
319 2040 455 2074 castra
487 2032 606 2075 mille
640 2046 790 2089 passus
822 2034 925 2076 inde
956 2035 1170 2090 posuisset
1202 2030 1370 2076 XLIV.
1407 2032 1498 2086 46,
1533 2033 1587 2083 43
1630 2032 1750 2077 mille
1794 2048 1992 2089 passuum
2032 2035 2086 2078 ab
2127 2034 2370 2091 Amphipoli
2409 2043 2542 2079 castra

75 2109 207 2165 posuit
239 2104 381 2151 XLV.
417 2108 494 2158 33,
533 2112 575 2154 7.
611 2132 675 2140 -
710 2106 795 2156 §aei
828 2107 950 2165 (ξᾶἷατ
983 2110 1116 2166 finben
1149 2109 1217 2167 fieb
1250 2110 1428 2167 folgtnbt
1459 2107 1705 2164 wusatiutt
1739 2111 1886 2154 hostes
1918 2113 2167 2156 consedisse
2200 2112 2320 2156 milia
2349 2127 2542 2168 passuum

77 2182 124 2226 sb
153 2185 287 2238 ipsius
321 2187 469 2228 castris
503 2194 602 2229 octo
636 2185 686 2229 Β.
723 2186 775 2230 G.
811 2187 846 2231 1.
884 2187 964 2241 21,
1005 2190 1053 2240 13
1088 2189 1207 2232 milia
1239 2202 1438 2244 passuum
1473 2192 1554 2231 tria
1585 2189 1639 2230 ab
1673 2203 1817 2230 eorum
1863 2188 2013 2232 castris
2056 2199 2196 2234 castra
2237 2191 2376 2245 posuit
2407 2187 2455 2232 B.
2488 2188 2540 2232 G.

71 2257 103 2315 I.
138 2258 218 2311 22,
255 2259 308 2311 33
352 2262 519 2305 circiter
550 2276 699 2318 passus
731 2273 963 2309 sexcentos
997 2265 1052 2308 ab
1086 2268 1176 2319 eis,
1212 2269 1363 2309 castris
1395 2265 1595 2310 idoneum
1627 2265 1767 2308 Iocum
1801 2264 1963 2324 delegit
1994 2264 2046 2308 B.
2083 2266 2136 2309 G.
2169 2267 2203 2309 Ι.
2240 2267 2318 2320 49,
2361 2269 2427 2323 13
2458 2268 2540 2310 eir-

0 2311 175 2617 sciter
207 2334 327 2377 milia
359 2351 554 2390 passuum
589 2338 738 2383 decem
769 2340 823 2384 ab
856 2339 1059 2385 Romanis
1092 2341 1286 2386 consedit
1318 2339 1368 2385 Β.
1405 2339 1458 2385 G.
1494 2340 1588 2386 VII·
1624 2340 1703 2395 66,
1744 2343 1784 2385 1.

2633 3654 2678 3697 {3ae

2682 3692 2702 3697 5
