3053 3577
334 165 362 214 4

337 314 417 353 que
450 295 665 351 rapiebat!
707 293 798 337 Cic.
836 292 947 336 Phil.
982 289 1104 334 XIII.
1140 293 1184 341 8,
1226 291 1311 341 18;
1363 289 1587 348 Ingressus
1621 291 1767 334 urbem
1802 300 1889 343 est,
1937 306 2017 346 quo
2069 294 2272 335 comitatu
2323 294 2394 337 vel
2438 298 2581 350 potius
2630 296 2819 353 agmine!

334 375 421 417 Cic.
456 373 570 415 Phil.
607 370 727 414 Xlll.
764 371 810 424 9,
848 370 928 419 193
962 369 1075 421 dum,
1113 384 1194 423 qua
1228 368 1473 423 eloquentia
1509 368 1612 410 deos
1645 368 1779 410 salsos
1815 368 2012 419 sustulit,
2065 367 2214 410 eadem
2258 384 2384 413 veros
2434 373 2605 416 inducat
2639 371 2728 416 Cic.
2763 368 2822 416 N.

331 449 387 492 D.
415 449 467 491 11.
491 450 533 501 1,
556 449 609 497 23
647 451 685 490 si
721 462 817 490 eum
849 445 1061 502 adjuveris
1095 461 1148 487 eo
1183 444 1342 498 studio,
1377 459 1460 498 quo
1496 444 1720 485 ostendisti
1757 443 1848 486 Cic.
1882 444 1935 485 ad
1967 445 2087 485 Fam.
2122 441 2244 486 XIII.
2282 446 2367 499 64,
2404 449 2455 496 23
2500 446 2568 491 Ne
2614 449 2824 491 vinolenti

332 525 502 580 quidem
537 539 644 579 quae
678 525 857 574 faciunt,
910 521 1059 563 eadem
1093 522 1399 576 approbatione
1432 520 1615 571 faciunt,
1667 535 1748 573 qua
1782 520 1915 562 sobrii
1953 518 2043 563 Cic.
2078 519 2208 562 Acad.
2244 520 2299 565 11.
2341 524 2416 575 17,
2446 524 2535 575 523
2589 540 2676 568 non
2709 525 2822 568 idem

330 602 498 655 reliqua
533 602 684 645 eodem
720 599 858 641 studio
893 606 1168 651 persequetur
1203 596 1291 641 Cic.
1329 596 1460 640 Tusc.
1494 595 1547 638 11.
1587 598 1628 649 1,
1667 597 1718 645 13
1754 605 1801 638 ut
1836 597 2021 651 praedici
2054 604 2214 651 posset,
2249 612 2332 651 quo
2367 602 2543 655 quisque
2576 602 2665 644 fato
2700 611 2823 644 natus

331 688 449 721 esset
486 678 577 721 Cic.
615 677 713 719 Div.
750 675 782 718 I.
822 676 866 728 1,
902 675 955 723 23
994 672 1109 724 Quid
1142 689 1246 716 vero
1282 673 1509 716 Caesarem
1543 680 1752 726 putamus,
1788 688 1869 727 quo
1904 676 2089 716 cruciatu
2121 675 2252 715 animi
2286 677 2416 717 vitam
2449 685 2638 719 acturum
2666 679 2823 720 fuisse!

330 755 423 800 Cic.
459 756 559 798 Div.
595 754 648 797 11.
684 753 727 797 9.
764 751 848 800 233
885 751 1107 794 commoda
1141 751 1297 792 civium
1331 765 1416 792 non
1451 747 1657 791 divellere
1692 757 1819 804 atque
1856 764 2005 793 omnes
2038 750 2248 803 aequitate
2285 750 2435 793 eadem
2470 756 2690 796 continere
2729 753 2821 798 Cic.

338 833 428 876 Off.
464 832 520 877 Π,
557 832 632 882 23,
670 830 754 878 83;
804 827 925 878 Quae
961 832 997 871 si
1039 827 1254 883 appellare
1289 827 1446 869 audent
1480 827 1624 880 impii,
1678 841 1761 880 quo
1806 828 1977 869 tandem
2028 827 2166 869 studio
2215 825 2409 869 colentur
2456 844 2482 871 a
2530 830 2700 872 bonist'
2730 830 2819 873 Cic.

335 910 477 968 Legg.
511 908 542 951 Ι.
584 905 654 958 14,
690 905 778 955 4Ο;
815 903 1062 962 intelligere
1095 905 1250 960 possis,
1287 918 1369 958 qua
1402 903 1484 945 fide
1519 903 1573 944 ab
1608 902 1698 945 illis
1731 911 1879 961 agatur
1914 903 2002 946 Cic.
2038 904 2092 945 ad
2124 904 2212 945 Att.
2249 902 2302 944 ΙΙ.
2325 904 2422 958 22,
2460 906 2511 954 5;
2557 922 2641 948 non
2675 907 2823 949 destiti

336 987 483 1031 cadem
516 984 644 1027 animi
676 982 971 1038 magnitudine
1006 984 1051 1024 in
1084 981 1303 1035 republica
1335 982 1498 1023 versari
1533 979 1623 1021 Cic.
1658 980 1711 1021 ad
1746 980 1833 1022 Att.
1872 979 1907 1021 1.
1950 980 2022 1032 19,
2059 979 2112 1028 63
2155 982 2272 1036 cujus
2324 995 2405 1037 ego
2452 996 2642 1035 causam,
2688 987 2822 1026 anim-

336 1064 521 1111 adverte,
558 1056 733 1114 quaeso,
770 1073 852 1113 qua
887 1058 971 1100 fide
1006 1058 1235 1100 defendam
1270 1057 1358 1100 Cic.
1395 1072 1471 1111 pro
1506 1058 1603 1112 Lig.
1640 1056 1685 1104 2,
1723 1055 1777 1103 6;
1816 1054 1925 1108 Seis,
1961 1071 2042 1109 quo
2060 1064 2241 1109 sumptu,
2278 1071 2358 1109 qua
2376 1057 2577 1101 molestia
2611 1059 2822 1102 reficiatur

336 1141 605 1182 formianum
641 1135 730 1178 Cic.
771 1136 824 1177 ad
859 1136 948 1178 Att.
982 1133 1059 1175 IV.
1100 1136 1144 1187 2,
1183 1135 1236 1182 73
1280 1133 1499 1176 Profectus
1534 1147 1649 1183 sum,
1692 1147 1777 1173 non
1812 1131 2055 1174 mehercule
2089 1132 2173 1173 dici
2205 1140 2370 1185 potest,
2423 1148 2503 1187 qua
2546 1136 2822 1178 admiratione

336 1215 512 1258 Ciliciae
548 1214 768 1256 civitatum
803 1211 894 1253 Cic.
930 1212 982 1253 ad
1017 1211 1105 1253 Att.
1141 1209 1198 1253 V.
1236 1212 1314 1263 21,
1353 1211 1403 1258 73
1440 1211 1535 1251 Etsi
1569 1223 1648 1263 qua
1683 1223 1756 1262 spe
1792 1208 2034 1263 proficiscar
2068 1209 2193 1250 video
2229 1206 2319 1250 Cic.
2351 1209 2404 1251 ad
2420 1209 2511 1251 Att.
2532 1209 2648 1252 VIII.
2672 1211 2744 1265 16,
2766 1212 2821 1262 2;

338 1293 467 1334 Venit
501 1290 553 1330 ad
586 1305 654 1330 me
690 1291 818 1329 etiam
854 1285 907 1335 Q.
955 1288 1127 1337 Fusius,
1165 1302 1245 1340 quo
1280 1286 1419 1328 vultu!
1463 1301 1543 1339 quo
1579 1285 1747 1338 spiritu!
1793 1284 1882 1327 Cic.
1919 1285 1972 1326 ad
2006 1284 2096 1326 Au.
2138 1272 2216 1326 IX.
2264 1285 2309 1336 5,
2348 1286 2397 1332 1;
2451 1287 2823 1342 considerabimus,

335 1385 415 1422 qua
446 1367 547 1419 fide,
581 1364 895 1417 benevolentia,
932 1363 1073 1406 officio
1108 1365 1291 1420 gesserit
1325 1365 1532 1406 amicitias
1566 1360 1689 1404 Auct.
1726 1360 1779 1403 ad
1812 1359 1918 1403 Her.
1954 1358 2030 1403 ΙΙΙ.
2070 1358 2113 1414 7,
2153 1360 2238 1410 14;
2283 1362 2461 1416 primum
2505 1376 2616 1408 nunc
2661 1364 2820 1418 videte,

339 1460 420 1498 quo
455 1443 574 1485 wiltu
608 1456 686 1483 nos
719 1444 933 1483 intueatur
966 1440 1091 1481 Auct.
1129 1440 1181 1481 ad
1215 1440 1320 1481 Her.
1356 1438 1430 1480 IV.
1467 1438 1548 1490 49,
1584 1437 1669 1486 633
1707 1435 1830 1480 Nunc
1864 1441 1986 1480 exire
2021 1441 2236 1492 cupimus3
2274 1454 2354 1492 qua
2388 1452 2463 1493 spe
2496 1441 2680 1494 reditus,
2715 1442 2824 1484 mihi

338 1521 506 1573 quidem
541 1533 751 1572 nunquam
785 1519 827 1557 in
862 1525 1049 1558 mentem
1067 1519 1184 1558 venit
1206 1515 1292 1558 Cic.
1314 1516 1382 1557 ad.
1402 1512 1589 1558 Att.IX.
1612 1515 1687 1565 15,
1709 1514 1765 1563 33
1802 1515 2102 1567 considerabit,
2139 1530 2283 1569 quare,
2321 1531 2404 1570 quo
2423 1517 2620 1571 consilio,
2656 1532 2821 1572 quaspe

338 1595 588 1651 perficiendi
623 1595 801 1647 quidque
836 1594 992 1635 factum
1028 1596 1085 1634 sit
1119 1592 1206 1635 Cic.
1242 1592 1332 1634 an.
1367 1592 1421 1634 ΙΙ.
1461 1591 1537 1644 14,
1572 1591 1657 1639 453
1700 1590 1943 1632 habitarunt
1976 1594 2019 1633 in
2054 1591 2132 1634 hac
2166 1606 2250 1633 una
2282 1595 2450 1635 ratione
2485 1595 2700 1636 tractanda
2734 1609 2821 1637 non

338 1673 486 1714 eadem
520 1670 756 1725 prudentia,
793 1683 874 1722 qua
907 1669 984 1710 ille
1020 1669 1110 1711 Cic.
1149 1669 1200 1710 de
1237 1668 1313 1711 Or.
1351 1669 1407 1712 11.
1444 1669 1521 1720 38,
1549 1668 1667 1715 160;
1699 1650 1916 1721 -nunquam
1953 1669 2040 1724 agit
2060 1668 2240 1709 Roscius
2273 1667 2385 1710 hunc
2413 1684 2581 1711 versum
2611 1685 2662 1712 eo
2681 1679 2820 1728 gestu,

301 1795 305 1801 ⁴
339 1764 422 1802 quo
461 1755 599 1801 potest
635 1744 721 1786 Cic.
758 1745 808 1785 de
845 1743 923 1785 Or.
959 1743 1034 1786 111.
1073 1745 1151 1796 26,
1190 1746 1306 1796 1023
1350 1747 1441 1799 jam
1486 1758 1586 1786 vero
1634 1758 1706 1794 ea,
1757 1759 1862 1797 quae
1905 1746 2146 1797 invenerit,
2197 1759 2278 1798 qua
2311 1745 2538 1802 diligentia
2570 1746 2823 1790 collocabit?

336 1824 429 1868 Cic.
466 1821 542 1864 Or.
576 1819 677 1863 XV.
716 1822 798 1870 50;
835 1823 987 1872 nescit,
1025 1835 1105 1874 qua
1140 1820 1345 1876 dignitate
1381 1823 1436 1862 sit
1469 1821 1686 1862 restitutus
1721 1819 1808 1861 Cic.
1844 1835 1917 1874 pro
1945 1819 2069 1862 Dom-
2096 1821 2171 1873 11,
2208 1820 2294 1871 293
2330 1820 2400 1862 An
2434 1837 2535 1863 vero
2570 1823 2822 1874 dubitamus,

338 1917 418 1958 quo
455 1902 636 1955 denique
672 1914 742 1940 ore
777 1902 859 1941 iste
895 1907 1082 1951 ceteros,
1119 1914 1199 1952 quo
1235 1913 1308 1940 ore
1343 1898 1539 1940 homines
1572 1899 1821 1949 rusticanos,
1860 1912 1942 1951 quo
1977 1899 2156 1951 denique
2200 1913 2272 1940 ore
2307 1898 2532 1942 libertinos
2576 1900 2727 1942 solitus
2769 1903 2824 1943 sit

337 1977 584 2034 appellare?
628 1974 714 2017 Cic.
750 1976 873 2019 Verr.
908 1975 988 2029 48,
1028 1975 1145 2026 127;
1196 1976 1357 2016 Eadem
1392 1985 1533 2017 autem
1568 1974 1784 2016 celeritate
1820 1976 1995 2017 adverso
2031 1975 2142 2016 colle
2186 1975 2238 2016 ad
2273 1985 2418 2018 nostra
2468 1985 2604 2018 castra
2651 1986 2824 2019 conten-

335 2056 488 2098 derunt
524 2053 647 2096 Caes.
683 2051 731 2093 B.
769 2052 819 2094 G.
856 2052 910 2093 11.
951 2051 1025 2104 19,
1063 2052 1120 2100 ὃς
1157 2066 1243 2093 non
1278 2042 1426 2093 eadem
1463 2066 1558 2092 esse
1593 2052 1817 2108 diligentia
1848 2054 1901 2094 ab
1937 2053 2171 2093 decumana
2203 2061 2323 2105 porta
2352 2062 2490 2094 castra
2515 2056 2680 2094 munita
2698 2053 2823 2096 CaeS.

330 2130 382 2174 Β.
421 2130 474 2173 G.
511 2128 585 2172 ΙΙΙ.
624 2129 710 2177 25;
761 2143 844 2171 non
879 2129 1027 2170 eadem
1061 2128 1285 2171 alacritate
1321 2143 1370 2170 ac
1404 2129 1545 2169 studio
1590 2128 1828 2168 nitebantur
1872 2127 1994 2169 Caes.
2047 2126 2098 2170 Β.
2142 2127 2195 2168 G.
2240 2127 2322 2180 IV,
2367 2128 2455 2177 24;
2509 2145 2560 2170 ea
2604 2129 2822 2172 celeritate

334 2217 460 2262 atque
497 2221 550 2249 eo
585 2208 743 2260 impetu
775 2205 934 2246 milites
966 2207 1128 2252 ierunt,
1162 2213 1207 2245 ut
1243 2204 1369 2246 Caes.
1405 2203 1454 2248 C.
1491 2204 1543 2245 G.
1579 2201 1634 2243 V.
1677 2204 1757 2252 183
1804 2219 1883 2258 qua
1918 2208 2030 2246 enim
2064 2205 2220 2246 fiducia
2255 2207 2537 2247 munitissima
2572 2207 2711 2248 castra
2745 2222 2821 2249 ex-

333 2285 514 2341 pugnari
548 2294 674 2336 posse
721 2280 992 2322 confidimus?
1027 2279 1151 2322 caes.
1171 2279 1222 2321 B.
1244 2279 1293 2321 C.
1312 2280 1474 2327 11.31;
1512 2280 1621 2321 hanc
1655 2296 1753 2336 ego,
1790 2284 1939 2335 inquit,
1977 2297 2086 2323 nunc
2120 2284 2307 2324 moriens
2343 2283 2494 2323 eadem
2530 2282 2614 2324 fide
2649 2283 2823 2325 Caesari

329 2363 509 2403 restituo
546 2356 670 2400 Caes.
707 2356 757 2400 B.
792 2356 837 2398 C.
873 2357 946 2401 ΠΙ.
983 2355 1067 2407 64;
1116 2357 1298 2411 denique
1343 2357 1556 2399 recordari
1598 2358 1777 2411 debere,
1822 2373 1902 2412 qua
1944 2358 2154 2401 felicitate
2201 2372 2349 2400 omnes
2397 2357 2632 2401 incolumes
2677 2367 2823 2401 essent

331 2436 607 2490 transportati
642 2432 764 2476 Caes.
798 2431 848 2475 Β.
886 2432 934 2476 C.
972 2433 1043 2475 Ill.
1083 2433 1167 2483 73;
1237 2433 1385 2489 Neque
1430 2434 1492 2475 ibi
1527 2438 1740 2488 constitit,
1791 2436 1866 2477 sed
1908 2436 2057 2477 eadem
2103 2435 2323 2476 celeritate
2373 2435 2424 2476 ad
2472 2450 2586 2477 mare
2628 2439 2822 2490 pervenit

332 2514 456 2558 Caes.
494 2511 545 2555 Β.
584 2509 631 2554 C.
666 2509 739 2552 III.
777 2511 861 2560 963
899 2513 937 2553 si
972 2527 1094 2566 quam
1130 2527 1252 2567 opem
1287 2514 1332 2554 in
1368 2526 1465 2554 sese
1500 2511 1737 2565 crederent,
1773 2513 1922 2555 eodem
1956 2512 2096 2554 studio
2129 2512 2263 2553 fuisse
2298 2511 2514 2553 oblaturos
2555 2510 2819 2555 Liv.XX11.

334 2591 419 2643 32,
465 2590 519 2638 73
590 2592 709 2643 ipse,
766 2602 845 2641 qua
892 2592 1101 2645 gravitate
1143 2591 1275 2630 animi
1322 2592 1596 2631 criminantes
1642 2604 1688 2631 se
1734 2590 1787 2631 ad
1831 2589 2147 2631 multitudinem
2192 2590 2390 2629 inimicos
2434 2589 2613 2641 tulerat,
2673 2591 2822 2632 eadem

337 2677 379 2710 et
413 2666 556 2721 populi
590 2669 637 2709 in
673 2680 720 2707 se
755 2668 1017 2708 saevientem
1052 2669 1249 2723 injuriam
1284 2666 1381 2710 tulit
1416 2667 1513 2708 Liv.
1551 2663 1697 2708 XXII.
1736 2666 1812 2719 26,
1850 2666 1905 2714 6;
1941 2668 2082 2719 itaque
2118 2664 2264 2706 eadem
2300 2667 2558 2719 temeritate,
2605 2681 2684 2719 qua
2727 2681 2823 2721 pro-

334 2744 496 2786 cessum
528 2745 573 2785 in
608 2743 746 2784 aciem
781 2749 870 2794 est,
908 2742 1131 2784 instruitur
1165 2744 1257 2797 ipsa
1292 2746 1410 2786 acies
1445 2743 1544 2785 Liv.
1580 2741 1729 2785 XXV.
1776 2744 1854 2794 21,
1894 2743 1949 2791 53
1997 2743 2042 2782 in
2082 2739 2359 2798 Pelagoniam
2405 2742 2553 2783 eadem
2600 2742 2821 2783 celeritate

333 2821 458 2862 vertit
491 2821 572 2860 iter
604 2819 704 2860 Liv.
743 2814 912 2858 XXVI.
952 2819 1030 2871 25,
1066 2818 1116 2867 3;
1152 2821 1189 2860 si
1225 2819 1278 2861 ab
1311 2821 1461 2862 inferis
1496 2822 1677 2862 exsistat
1709 2821 1860 2871 Hiero,
1898 2833 1978 2872 quo
2015 2832 2088 2859 ore
2124 2819 2164 2858 ei
2196 2818 2367 2859 ossendi
2391 2819 2630 2871 posse-Liv.
2650 2802 2820 2860 XXVI.

336 2897 414 2947 32,
451 2895 504 2942 43
550 2895 626 2937 suit
669 2895 778 2949 apud
811 2900 878 2936 m‘e
914 2896 1063 2938 eadem
1098 2911 1178 2950 qua
1211 2897 1316 2950 apud
1351 2905 1549 2951 parentes
1583 2912 1680 2939 suos
1715 2888 1970 2939 verecundia
2002 2894 2098 2937 Liv.
2136 2891 2306 2937 XXVI.
2345 2895 2422 2948 50,
2460 2892 2514 2942 63
2555 2894 2711 2957 ‘eadem
2747 2910 2822 2938 vos

339 2988 451 3024 cura,
488 2986 569 3025 qua
603 2974 647 3013 in
679 2975 814 3015 aciem
850 2973 1137 3025 descenditis,
1173 2975 1282 3016 inire
1317 2975 1564 3031 suffragium
1599 2974 1651 3016 ad
1684 2973 1890 3016 creandos
1925 2970 2127 3014 consules
2161 2971 2284 3013 decet
2333 2971 2431 3012 Liv.
2465 2967 2649 3025 XXIV.
2685 2971 2730 3025 8,
2768 2973 2822 3022 23

339 3053 400 3092 ita
432 3048 667 3100 eodemque
703 3058 856 3091 eventu
889 3065 1134 3106 pugnavere
1169 3051 1268 3092 Liv.
1302 3049 1473 3094 XXIV.
1510 3050 1589 3103 42,
1628 3051 1680 3100 7;
1716 3054 1869 3095 iterum
1902 3051 2037 3107 signis
2070 3048 2253 3091 conlatis
2290 3047 2437 3089 eadem
2469 3032 2636 3104 fortuna
2668 3051 2822 3092 utrius-

339 3140 417 3179 que
452 3126 580 3177 partis
614 3134 839 3179 pugnatum
873 3128 971 3169 Liv.
1007 3124 1174 3171 XXIII.
1211 3129 1291 3180 49,
1331 3129 1416 3178 133
1437 3137 1500 3170 xut
1535 3129 1683 3170 eodem
1718 3130 1893 3182 impetu,
1929 3142 2010 3180 quo
2045 3125 2244 3167 fuderant
2262 3123 2429 3166 hostem
2449 3124 2648 3177 Romani,
2683 3134 2820 3169 castra

337 3210 531 3257 caperent
564 3201 662 3242 Liv·
698 3199 749 3242 II·
788 3203 863 3254 20,
903 3205 987 3254 13;
1023 3203 1208 3248 Cernere
1242 3207 1373 3260 ipsos,
1409 3220 1492 3260 quo
1528 3220 1747 3258 concursu,
1784 3220 1864 3260 qua
1897 3202 2194 3255 admiratione,
2231 3216 2312 3256 quo
2336 3200 2480 3244 favore
2496 3199 2717 3246 hominum
2737 3204 2820 3247 iter
