<?xml version="1.0" encoding="UTF-8"?>
<!DOCTYPE html PUBLIC "-//W3C//DTD XHTML 1.0 Transitional//EN"
    "http://www.w3.org/TR/xhtml1/DTD/xhtml1-transitional.dtd">
<html xmlns="http://www.w3.org/1999/xhtml" xml:lang="en" lang="en">
 <head>
  <title>
</title>
<meta http-equiv="Content-Type" content="text/html;charset=utf-8" />
  <meta name='ocr-system' content='tesseract 3.04.00' />
  <meta name='ocr-capabilities' content='ocr_page ocr_carea ocr_par ocr_line ocrx_word'/>
</head>
<body>
  <div class='ocr_page' id='page_1' title='image "./4628546_0026.png"; bbox 0 0 3073 3718; ppageno 0'>
   <div class='ocr_carea' id='block_1_1' title="bbox 347 197 411 248">
    <p class='ocr_par' dir='ltr' id='par_1_1' title="bbox 347 197 411 248">
     <span class='ocr_line' id='line_1_1' title="bbox 347 197 411 248; baseline 0 0"><span class='ocrx_word' id='word_1_1' title='bbox 347 197 411 248; x_wconf 82' lang='grc'><strong>20</strong></span> 
     </span>
    </p>
   </div>
   <div class='ocr_carea' id='block_1_2' title="bbox 349 315 2840 769">
    <p class='ocr_par' dir='ltr' id='par_1_2' title="bbox 349 315 2840 769">
     <span class='ocr_line' id='line_1_2' title="bbox 350 315 2839 384; baseline -0.002 -8"><span class='ocrx_word' id='word_1_2' title='bbox 350 333 434 377; x_wconf 89' lang='lat' dir='ltr'><strong>sibi</strong></span> <span class='ocrx_word' id='word_1_3' title='bbox 467 322 797 383; x_wconf 71' lang='lat' dir='ltr'><strong>dato,wiewol)1</strong></span> <span class='ocrx_word' id='word_1_4' title='bbox 828 322 965 373; x_wconf 71' lang='lat' dir='ltr'><strong>immet</strong></span> <span class='ocrx_word' id='word_1_5' title='bbox 998 325 1167 384; x_wconf 70' lang='lat' dir='ltr'><strong>signum</strong></span> <span class='ocrx_word' id='word_1_6' title='bbox 1211 323 1470 379; x_wconf 80' lang='lat' dir='ltr'><strong>receptui</strong></span> <span class='ocrx_word' id='word_1_7' title='bbox 1510 322 1629 374; x_wconf 87' lang='lat' dir='ltr'><strong>dare,</strong></span> <span class='ocrx_word' id='word_1_8' title='bbox 1675 315 1779 376; x_wconf 69' lang='grc' dir='ltr'><strong>Ῐιῐδῇ</strong></span> <span class='ocrx_word' id='word_1_9' title='bbox 1812 316 1898 372; x_wconf 73' lang='lat' dir='ltr'><strong>mit</strong></span> <span class='ocrx_word' id='word_1_10' title='bbox 1940 316 2066 363; x_wconf 74' lang='lat' dir='ltr'><strong>ciuem</strong></span> <span class='ocrx_word' id='word_1_11' title='bbox 2112 320 2245 366; x_wconf 59' lang='lat' dir='ltr'><strong>Datin</strong></span> <span class='ocrx_word' id='word_1_12' title='bbox 2279 322 2346 367; x_wconf 77' lang='lat' dir='ltr'><strong>bet</strong></span> <span class='ocrx_word' id='word_1_13' title='bbox 2378 323 2526 378; x_wconf 61' lang='grc' dir='ltr'><strong>Ψεῐῐοη</strong></span> <span class='ocrx_word' id='word_1_14' title='bbox 2570 322 2839 372; x_wconf 71' lang='lat' dir='ltr'><strong>vinonntibu!</strong></span> 
     </span>
     <span class='ocr_line' id='line_1_3' title="bbox 351 381 2838 467; baseline -0.003 -16"><span class='ocrx_word' id='word_1_15' title='bbox 351 411 438 451; x_wconf 81' lang='lat' dir='ltr'><strong>suis</strong></span> <span class='ocrx_word' id='word_1_16' title='bbox 471 409 640 464; x_wconf 80' lang='lat' dir='ltr'><strong>signum</strong></span> <span class='ocrx_word' id='word_1_17' title='bbox 666 402 864 458; x_wconf 89' lang='lat' dir='ltr'><strong>receptui</strong></span> <span class='ocrx_word' id='word_1_18' title='bbox 897 400 1013 445; x_wconf 87' lang='lat' dir='ltr'><strong>dedit</strong></span> <span class='ocrx_word' id='word_1_19' title='bbox 1046 401 1143 444; x_wconf 86' lang='lat' dir='ltr'><strong>Liv.</strong></span> <span class='ocrx_word' id='word_1_20' title='bbox 1176 395 1346 456; x_wconf 86' lang='lat' dir='ltr'>XXIV.</span> <span class='ocrx_word' id='word_1_21' title='bbox 1385 400 1461 453; x_wconf 92' lang='grc'><strong>17,</strong></span> <span class='ocrx_word' id='word_1_22' title='bbox 1499 399 1556 451; x_wconf 89' lang='grc'><strong>5,</strong></span> <span class='ocrx_word' id='word_1_23' title='bbox 1576 397 1731 449; x_wconf 70' lang='lat' dir='ltr'><strong>,locum</strong></span> <span class='ocrx_word' id='word_1_24' title='bbox 1762 397 1894 446; x_wconf 69' lang='lat' dir='ltr'><strong>fuisse</strong></span> <span class='ocrx_word' id='word_1_25' title='bbox 1928 398 2113 455; x_wconf 76' lang='lat' dir='ltr'><strong>angendi</strong></span> <span class='ocrx_word' id='word_1_26' title='bbox 2145 400 2190 442; x_wconf 89' lang='lat' dir='ltr'><strong>in</strong></span> <span class='ocrx_word' id='word_1_27' title='bbox 2225 414 2279 444; x_wconf 88' lang='lat' dir='ltr'><strong>eo</strong></span> <span class='ocrx_word' id='word_1_28' title='bbox 2313 381 2404 446; x_wconf 90' lang='lat' dir='ltr'><strong>Cic.</strong></span> <span class='ocrx_word' id='word_1_29' title='bbox 2437 402 2516 449; x_wconf 85' lang='lat' dir='ltr'><strong>ad</strong></span> <span class='ocrx_word' id='word_1_30' title='bbox 2524 400 2639 445; x_wconf 81' lang='lat' dir='ltr'><strong>Fam.</strong></span> <span class='ocrx_word' id='word_1_31' title='bbox 2659 396 2739 443; x_wconf 88' lang='lat' dir='ltr'><strong>XI.</strong></span> <span class='ocrx_word' id='word_1_32' title='bbox 2757 399 2838 467; x_wconf 79' lang='grc'><strong>14,</strong></span> 
     </span>
     <span class='ocr_line' id='line_1_4' title="bbox 350 472 2838 539; baseline -0.003 -12"><span class='ocrx_word' id='word_1_33' title='bbox 350 486 394 539; x_wconf 89' lang='lat'><strong>5,</strong></span> <span class='ocrx_word' id='word_1_34' title='bbox 430 480 615 536; x_wconf 71' lang='lat' dir='ltr'><strong>mimobl</strong></span> <span class='ocrx_word' id='word_1_35' title='bbox 648 483 728 526; x_wconf 87' lang='lat' dir='ltr'><strong>erit</strong></span> <span class='ocrx_word' id='word_1_36' title='bbox 762 479 1050 536; x_wconf 78' lang='lat' dir='ltr'><strong>deprecationi</strong></span> <span class='ocrx_word' id='word_1_37' title='bbox 1082 476 1205 523; x_wconf 76' lang='lat' dir='ltr'><strong>locus</strong></span> <span class='ocrx_word' id='word_1_38' title='bbox 1238 474 1328 522; x_wconf 89' lang='lat' dir='ltr'><strong>Cic.</strong></span> <span class='ocrx_word' id='word_1_39' title='bbox 1364 475 1418 519; x_wconf 86' lang='lat' dir='ltr'><strong>ad</strong></span> <span class='ocrx_word' id='word_1_40' title='bbox 1450 475 1570 520; x_wconf 86' lang='lat' dir='ltr'><strong>Fam.</strong></span> <span class='ocrx_word' id='word_1_41' title='bbox 1608 472 1723 520; x_wconf 88' lang='lat' dir='ltr'>VIII.</span> <span class='ocrx_word' id='word_1_42' title='bbox 1762 472 1846 527; x_wconf 89' lang='lat'><strong>16,</strong></span> <span class='ocrx_word' id='word_1_43' title='bbox 1882 473 1937 528; x_wconf 87' lang='lat'><strong>2;</strong></span> <span class='ocrx_word' id='word_1_44' title='bbox 1965 472 2257 532; x_wconf 83' lang='lat' dir='ltr'><strong>colloquendi</strong></span> <span class='ocrx_word' id='word_1_45' title='bbox 2291 476 2391 522; x_wconf 84' lang='lat' dir='ltr'><strong>dare</strong></span> <span class='ocrx_word' id='word_1_46' title='bbox 2423 478 2666 526; x_wconf 76' lang='lat' dir='ltr'><strong>facultatem</strong></span> <span class='ocrx_word' id='word_1_47' title='bbox 2711 473 2838 524; x_wconf 68' lang='lat' dir='ltr'><strong>Caes.</strong></span> 
     </span>
     <span class='ocr_line' id='line_1_5' title="bbox 349 548 2840 613; baseline -0.005 -9"><span class='ocrx_word' id='word_1_48' title='bbox 349 561 400 604; x_wconf 92' lang='lat' dir='ltr'><strong>B.</strong></span> <span class='ocrx_word' id='word_1_49' title='bbox 437 560 488 604; x_wconf 90' lang='lat' dir='ltr'><strong>C.</strong></span> <span class='ocrx_word' id='word_1_50' title='bbox 525 559 582 603; x_wconf 90' lang='lat'><strong>11.</strong></span> <span class='ocrx_word' id='word_1_51' title='bbox 616 560 679 604; x_wconf 86' lang='grc'><strong>27</strong></span> <span class='ocrx_word' id='word_1_52' title='bbox 715 557 795 601; x_wconf 82' lang='lat' dir='ltr'><strong>unb</strong></span> <span class='ocrx_word' id='word_1_53' title='bbox 831 571 968 611; x_wconf 90' lang='lat' dir='ltr'><strong>neque</strong></span> <span class='ocrx_word' id='word_1_54' title='bbox 1002 555 1056 598; x_wconf 88' lang='lat' dir='ltr'><strong>ad</strong></span> <span class='ocrx_word' id='word_1_55' title='bbox 1089 552 1440 613; x_wconf 75' lang='lat' dir='ltr'><strong>progrediendum</strong></span> <span class='ocrx_word' id='word_1_56' title='bbox 1475 553 1573 596; x_wconf 79' lang='lat' dir='ltr'><strong>data</strong></span> <span class='ocrx_word' id='word_1_57' title='bbox 1603 550 1807 594; x_wconf 75' lang='lat' dir='ltr'><strong>facultate</strong></span> <span class='ocrx_word' id='word_1_58' title='bbox 1842 548 1969 593; x_wconf 81' lang='lat' dir='ltr'><strong>Caes.</strong></span> <span class='ocrx_word' id='word_1_59' title='bbox 2000 548 2055 595; x_wconf 87' lang='lat' dir='ltr'><strong>B.</strong></span> <span class='ocrx_word' id='word_1_60' title='bbox 2090 549 2142 594; x_wconf 91' lang='lat' dir='ltr'><strong>C.</strong></span> <span class='ocrx_word' id='word_1_61' title='bbox 2170 551 2212 595; x_wconf 88' lang='lat'><strong>1.</strong></span> <span class='ocrx_word' id='word_1_62' title='bbox 2248 552 2332 607; x_wconf 77' lang='lat'><strong>813</strong></span> <span class='ocrx_word' id='word_1_63' title='bbox 2368 557 2450 598; x_wconf 78' lang='lat' dir='ltr'><strong>ita</strong></span> <span class='ocrx_word' id='word_1_64' title='bbox 2463 563 2506 598; x_wconf 75' lang='lat' dir='ltr'><strong>te</strong></span> <span class='ocrx_word' id='word_1_65' title='bbox 2540 554 2594 598; x_wconf 76' lang='lat' dir='ltr'><strong>ad</strong></span> <span class='ocrx_word' id='word_1_66' title='bbox 2618 552 2840 597; x_wconf 81' lang='lat' dir='ltr'><strong>dicendum</strong></span> 
     </span>
     <span class='ocr_line' id='line_1_6' title="bbox 351 612 2837 691; baseline -0.003 -11"><span class='ocrx_word' id='word_1_67' title='bbox 351 638 523 681; x_wconf 77' lang='lat' dir='ltr'><strong>dedisse</strong></span> <span class='ocrx_word' id='word_1_68' title='bbox 559 635 653 680; x_wconf 90' lang='lat' dir='ltr'><strong>Cic.</strong></span> <span class='ocrx_word' id='word_1_69' title='bbox 687 635 795 691; x_wconf 85' lang='lat' dir='ltr'><strong>Leg.</strong></span> <span class='ocrx_word' id='word_1_70' title='bbox 830 632 863 675; x_wconf 90' lang='lat'><strong>1.</strong></span> <span class='ocrx_word' id='word_1_71' title='bbox 899 632 947 686; x_wconf 89' lang='grc'><strong>4,</strong></span> <span class='ocrx_word' id='word_1_72' title='bbox 984 632 1066 684; x_wconf 84' lang='grc'><strong>13,</strong></span> <span class='ocrx_word' id='word_1_73' title='bbox 1111 633 1308 686; x_wconf 86' lang='lat' dir='ltr'><strong>quoniam</strong></span> <span class='ocrx_word' id='word_1_74' title='bbox 1353 629 1407 673; x_wconf 90' lang='lat' dir='ltr'><strong>ad</strong></span> <span class='ocrx_word' id='word_1_75' title='bbox 1449 628 1673 672; x_wconf 90' lang='lat' dir='ltr'><strong>dicendum</strong></span> <span class='ocrx_word' id='word_1_76' title='bbox 1705 612 2010 682; x_wconf 86' lang='lat' dir='ltr'><strong>impedimento</strong></span> <span class='ocrx_word' id='word_1_77' title='bbox 2054 635 2122 670; x_wconf 84' lang='lat' dir='ltr'><strong>est</strong></span> <span class='ocrx_word' id='word_1_78' title='bbox 2154 635 2273 673; x_wconf 78' lang='lat' dir='ltr'><strong>aetas</strong></span> <span class='ocrx_word' id='word_1_79' title='bbox 2319 628 2411 679; x_wconf 90' lang='lat' dir='ltr'><strong>Cic.</strong></span> <span class='ocrx_word' id='word_1_80' title='bbox 2448 631 2576 675; x_wconf 86' lang='lat' dir='ltr'><strong>Rosc.</strong></span> <span class='ocrx_word' id='word_1_81' title='bbox 2619 629 2715 675; x_wconf 86' lang='lat' dir='ltr'><strong>Am.</strong></span> <span class='ocrx_word' id='word_1_82' title='bbox 2760 629 2837 682; x_wconf 89' lang='lat'><strong>51,</strong></span> 
     </span>
     <span class='ocr_line' id='line_1_7' title="bbox 355 702 2840 769; baseline -0.003 -11"><span class='ocrx_word' id='word_1_83' title='bbox 355 714 476 768; x_wconf 89' lang='grc'><strong>149,</strong></span> <span class='ocrx_word' id='word_1_84' title='bbox 514 728 639 769; x_wconf 90' lang='lat' dir='ltr'><strong>quum</strong></span> <span class='ocrx_word' id='word_1_85' title='bbox 673 726 720 753; x_wconf 84' lang='lat' dir='ltr'><strong>se</strong></span> <span class='ocrx_word' id='word_1_86' title='bbox 753 710 808 753; x_wconf 88' lang='lat' dir='ltr'><strong>ad</strong></span> <span class='ocrx_word' id='word_1_87' title='bbox 840 709 1096 752; x_wconf 89' lang='lat' dir='ltr'><strong>audiendum</strong></span> <span class='ocrx_word' id='word_1_88' title='bbox 1131 708 1338 751; x_wconf 80' lang='lat' dir='ltr'><strong>dediderit</strong></span> <span class='ocrx_word' id='word_1_89' title='bbox 1374 704 1464 749; x_wconf 88' lang='lat' dir='ltr'><strong>Cic.</strong></span> <span class='ocrx_word' id='word_1_90' title='bbox 1499 705 1552 748; x_wconf 91' lang='lat' dir='ltr'><strong>de</strong></span> <span class='ocrx_word' id='word_1_91' title='bbox 1587 703 1663 748; x_wconf 90' lang='lat' dir='ltr'><strong>Or.</strong></span> <span class='ocrx_word' id='word_1_92' title='bbox 1699 704 1733 747; x_wconf 91' lang='lat'><strong>1.</strong></span> <span class='ocrx_word' id='word_1_93' title='bbox 1768 704 1847 756; x_wconf 91' lang='grc'><strong>21,</strong></span> <span class='ocrx_word' id='word_1_94' title='bbox 1884 702 1970 756; x_wconf 88' lang='grc'><strong>95,</strong></span> <span class='ocrx_word' id='word_1_95' title='bbox 2015 703 2156 747; x_wconf 87' lang='lat' dir='ltr'><strong>studia</strong></span> <span class='ocrx_word' id='word_1_96' title='bbox 2197 705 2309 749; x_wconf 88' lang='lat' dir='ltr'><strong>nihil</strong></span> <span class='ocrx_word' id='word_1_97' title='bbox 2350 717 2525 762; x_wconf 81' lang='lat' dir='ltr'><strong>prosunt</strong></span> <span class='ocrx_word' id='word_1_98' title='bbox 2566 705 2840 762; x_wconf 83' lang='lat' dir='ltr'><strong>perveniendi</strong></span> 
     </span>
    </p>
   </div>
   <div class='ocr_carea' id='block_1_3' title="bbox 353 774 1158 848">
    <p class='ocr_par' dir='ltr' id='par_1_3' title="bbox 353 774 1158 848">
     <span class='ocr_line' id='line_1_8' title="bbox 353 774 1158 848; baseline -0.01 -11"><span class='ocrx_word' id='word_1_99' title='bbox 353 793 497 848; x_wconf 79' lang='lat' dir='ltr'><strong>aliquo</strong></span> <span class='ocrx_word' id='word_1_100' title='bbox 533 790 622 835; x_wconf 72' lang='lat' dir='ltr'><strong>cic.</strong></span> <span class='ocrx_word' id='word_1_101' title='bbox 658 789 710 831; x_wconf 70' lang='lat' dir='ltr'><strong>de</strong></span> <span class='ocrx_word' id='word_1_102' title='bbox 746 786 824 830; x_wconf 70' lang='lat' dir='ltr'><strong>or.</strong></span> <span class='ocrx_word' id='word_1_103' title='bbox 860 786 893 828; x_wconf 86' lang='lat'><strong>1.</strong></span> <span class='ocrx_word' id='word_1_104' title='bbox 932 774 1012 840; x_wconf 82' lang='lat'><strong>30,</strong></span> <span class='ocrx_word' id='word_1_105' title='bbox 1051 786 1158 831; x_wconf 88' lang='lat'><strong>135.</strong></span> 
     </span>
    </p>
   </div>
   <div class='ocr_carea' id='block_1_4' title="bbox 352 924 2844 1377">
    <p class='ocr_par' dir='ltr' id='par_1_4' title="bbox 352 924 2844 1377">
     <span class='ocr_line' id='line_1_9' title="bbox 572 924 2843 991; baseline -0.004 -5"><span class='ocrx_word' id='word_1_106' title='bbox 572 924 912 986; x_wconf 82' lang='lat' dir='ltr'><strong>Mehercule.</strong></span> <span class='ocrx_word' id='word_1_107' title='bbox 984 937 1087 991; x_wconf 57' lang='grc' dir='ltr'><strong>Ώαβ</strong></span> <span class='ocrx_word' id='word_1_108' title='bbox 1121 937 1364 980; x_wconf 83' lang='lat' dir='ltr'><strong>mehercule</strong></span> <span class='ocrx_word' id='word_1_109' title='bbox 1399 938 1482 980; x_wconf 81' lang='lat' dir='ltr'><strong>unb</strong></span> <span class='ocrx_word' id='word_1_110' title='bbox 1516 937 1681 979; x_wconf 87' lang='lat' dir='ltr'><strong>medius</strong></span> <span class='ocrx_word' id='word_1_111' title='bbox 1714 935 1839 978; x_wconf 83' lang='lat' dir='ltr'><strong>fidius</strong></span> <span class='ocrx_word' id='word_1_112' title='bbox 1884 932 1986 987; x_wconf 67' lang='lat' dir='ltr'><strong>nidyt</strong></span> <span class='ocrx_word' id='word_1_113' title='bbox 2028 944 2082 976; x_wconf 76' lang='lat' dir='ltr'><strong>an</strong></span> <span class='ocrx_word' id='word_1_114' title='bbox 2125 931 2184 976; x_wconf 75' lang='lat' dir='ltr'><strong>bie</strong></span> <span class='ocrx_word' id='word_1_115' title='bbox 2217 932 2351 989; x_wconf 47' lang='lat' dir='ltr'><strong>&amp;pize</strong></span> <span class='ocrx_word' id='word_1_116' title='bbox 2386 933 2492 979; x_wconf 66' lang='lat' dir='ltr'><strong>einess</strong></span> <span class='ocrx_word' id='word_1_117' title='bbox 2527 934 2668 988; x_wconf 58' lang='grc' dir='ltr'>Ξαβεῧ</span> <span class='ocrx_word' id='word_1_118' title='bbox 2701 934 2843 990; x_wconf 68' lang='lat' dir='ltr'><strong>gefitsst</strong></span> 
     </span>
     <span class='ocr_line' id='line_1_10' title="bbox 352 1008 2840 1070; baseline -0.004 -7"><span class='ocrx_word' id='word_1_119' title='bbox 352 1021 505 1063; x_wconf 70' lang='lat' dir='ltr'><strong>werbert</strong></span> <span class='ocrx_word' id='word_1_120' title='bbox 539 1015 666 1070; x_wconf 75' lang='lat' dir='ltr'><strong>bfirfte</strong></span> <span class='ocrx_word' id='word_1_121' title='bbox 700 1014 802 1060; x_wconf 64' lang='lat' dir='ltr'><strong>{eine</strong></span> <span class='ocrx_word' id='word_1_122' title='bbox 838 1013 1083 1069; x_wconf 68' lang='lat' dir='ltr'><strong>iibetflfissige</strong></span> <span class='ocrx_word' id='word_1_123' title='bbox 1117 1011 1370 1067; x_wconf 64' lang='lat' dir='ltr'><strong>§Bemertuug</strong></span> <span class='ocrx_word' id='word_1_124' title='bbox 1396 1011 1497 1065; x_wconf 64' lang='lat' dir='ltr'><strong>¹(eiu,</strong></span> <span class='ocrx_word' id='word_1_125' title='bbox 1535 1012 1645 1066; x_wconf 63' lang='lat' dir='ltr'><strong>[dyon</strong></span> <span class='ocrx_word' id='word_1_126' title='bbox 1680 1011 1900 1066; x_wconf 66' lang='lat' dir='ltr'><strong>befimegen,</strong></span> <span class='ocrx_word' id='word_1_127' title='bbox 1938 1008 2029 1053; x_wconf 72' lang='lat' dir='ltr'><strong>mei!</strong></span> <span class='ocrx_word' id='word_1_128' title='bbox 2063 1011 2139 1053; x_wconf 65' lang='lat' dir='ltr'><strong>bos</strong></span> <span class='ocrx_word' id='word_1_129' title='bbox 2168 1010 2359 1063; x_wconf 69' lang='lat' dir='ltr'><strong>:Deutsdye</strong></span> <span class='ocrx_word' id='word_1_130' title='bbox 2385 1012 2424 1064; x_wconf 74' lang='lat' dir='ltr'><strong>so</strong></span> <span class='ocrx_word' id='word_1_131' title='bbox 2445 1010 2581 1067; x_wconf 64' lang='lat' dir='ltr'><strong>bdufig</strong></span> <span class='ocrx_word' id='word_1_132' title='bbox 2609 1009 2840 1065; x_wconf 62' lang='lat' dir='ltr'><strong>octennem,</strong></span> 
     </span>
     <span class='ocr_line' id='line_1_11' title="bbox 355 1085 2844 1151; baseline -0.004 -11"><span class='ocrx_word' id='word_1_133' title='bbox 355 1107 387 1151; x_wconf 64' lang='grc' dir='ltr'><strong>ἆ.</strong></span> <span class='ocrx_word' id='word_1_134' title='bbox 423 1094 483 1139; x_wconf 68' lang='grc' dir='ltr'><strong>ἓΒ.</strong></span> <span class='ocrx_word' id='word_1_135' title='bbox 518 1093 703 1136; x_wconf 85' lang='lat' dir='ltr'><strong>libenter</strong></span> <span class='ocrx_word' id='word_1_136' title='bbox 736 1090 980 1134; x_wconf 86' lang='lat' dir='ltr'><strong>mehercule</strong></span> <span class='ocrx_word' id='word_1_137' title='bbox 1014 1098 1146 1131; x_wconf 88' lang='lat' dir='ltr'><strong>artem</strong></span> <span class='ocrx_word' id='word_1_138' title='bbox 1182 1089 1440 1140; x_wconf 82' lang='lat' dir='ltr'><strong>desinerem,</strong></span> <span class='ocrx_word' id='word_1_139' title='bbox 1476 1085 1719 1144; x_wconf 67' lang='lat' dir='ltr'><strong>wobtbaftffg</strong></span> <span class='ocrx_word' id='word_1_140' title='bbox 1752 1098 1881 1143; x_wconf 71' lang='lat' dir='ltr'><strong>gerne,</strong></span> <span class='ocrx_word' id='word_1_141' title='bbox 1916 1086 2009 1130; x_wconf 91' lang='lat' dir='ltr'><strong>Cic.</strong></span> <span class='ocrx_word' id='word_1_142' title='bbox 2045 1087 2098 1129; x_wconf 89' lang='lat' dir='ltr'><strong>ad</strong></span> <span class='ocrx_word' id='word_1_143' title='bbox 2130 1087 2247 1129; x_wconf 87' lang='lat' dir='ltr'><strong>Fam.</strong></span> <span class='ocrx_word' id='word_1_144' title='bbox 2283 1086 2378 1130; x_wconf 91' lang='lat' dir='ltr'>VII.</span> <span class='ocrx_word' id='word_1_145' title='bbox 2402 1089 2515 1141; x_wconf 86' lang='lat'><strong>1‚4;</strong></span> <span class='ocrx_word' id='word_1_146' title='bbox 2551 1104 2651 1142; x_wconf 92' lang='lat' dir='ltr'><strong>non,</strong></span> <span class='ocrx_word' id='word_1_147' title='bbox 2677 1087 2844 1130; x_wconf 87' lang='lat' dir='ltr'><strong>meher-</strong></span> 
     </span>
     <span class='ocr_line' id='line_1_12' title="bbox 355 1162 2843 1225; baseline -0.004 -10"><span class='ocrx_word' id='word_1_148' title='bbox 355 1171 462 1224; x_wconf 92' lang='lat' dir='ltr'><strong>cule,</strong></span> <span class='ocrx_word' id='word_1_149' title='bbox 498 1173 740 1225; x_wconf 80' lang='lat' dir='ltr'><strong>auspicatus</strong></span> <span class='ocrx_word' id='word_1_150' title='bbox 775 1183 866 1211; x_wconf 91' lang='lat' dir='ltr'><strong>sum</strong></span> <span class='ocrx_word' id='word_1_151' title='bbox 902 1166 992 1210; x_wconf 89' lang='lat' dir='ltr'><strong>Cic.</strong></span> <span class='ocrx_word' id='word_1_152' title='bbox 1028 1166 1081 1208; x_wconf 85' lang='lat' dir='ltr'><strong>ad</strong></span> <span class='ocrx_word' id='word_1_153' title='bbox 1114 1166 1232 1210; x_wconf 80' lang='lat' dir='ltr'><strong>Pam.</strong></span> <span class='ocrx_word' id='word_1_154' title='bbox 1267 1164 1350 1207; x_wconf 79' lang='lat' dir='ltr'><strong>IX.</strong></span> <span class='ocrx_word' id='word_1_155' title='bbox 1390 1165 1466 1216; x_wconf 89' lang='grc'><strong>56,</strong></span> <span class='ocrx_word' id='word_1_156' title='bbox 1505 1166 1555 1216; x_wconf 88' lang='grc'><strong>2,</strong></span> <span class='ocrx_word' id='word_1_157' title='bbox 1592 1179 1694 1216; x_wconf 91' lang='lat' dir='ltr'><strong>non,</strong></span> <span class='ocrx_word' id='word_1_158' title='bbox 1730 1165 1894 1207; x_wconf 89' lang='lat' dir='ltr'><strong>medius</strong></span> <span class='ocrx_word' id='word_1_159' title='bbox 1926 1164 2068 1215; x_wconf 87' lang='lat' dir='ltr'><strong>fidius,</strong></span> <span class='ocrx_word' id='word_1_160' title='bbox 2104 1163 2309 1206; x_wconf 86' lang='lat' dir='ltr'><strong>mediocri</strong></span> <span class='ocrx_word' id='word_1_161' title='bbox 2342 1164 2490 1207; x_wconf 88' lang='lat' dir='ltr'><strong>dolore</strong></span> <span class='ocrx_word' id='word_1_162' title='bbox 2522 1165 2734 1207; x_wconf 86' lang='lat' dir='ltr'><strong>afficiebar</strong></span> <span class='ocrx_word' id='word_1_163' title='bbox 2752 1162 2843 1206; x_wconf 87' lang='lat' dir='ltr'><strong>Cic.</strong></span> 
     </span>
     <span class='ocr_line' id='line_1_13' title="bbox 354 1238 2841 1297; baseline -0.002 -7"><span class='ocrx_word' id='word_1_164' title='bbox 354 1249 405 1291; x_wconf 90' lang='lat' dir='ltr'><strong>ad</strong></span> <span class='ocrx_word' id='word_1_165' title='bbox 436 1248 554 1289; x_wconf 87' lang='lat' dir='ltr'><strong>Fam.</strong></span> <span class='ocrx_word' id='word_1_166' title='bbox 591 1244 651 1289; x_wconf 92' lang='lat' dir='ltr'>X.</span> <span class='ocrx_word' id='word_1_167' title='bbox 690 1248 734 1297; x_wconf 90' lang='grc'><strong>7,</strong></span> <span class='ocrx_word' id='word_1_168' title='bbox 772 1246 824 1296; x_wconf 88' lang='grc'><strong>2,</strong></span> <span class='ocrx_word' id='word_1_169' title='bbox 861 1243 1001 1296; x_wconf 88' lang='lat' dir='ltr'><strong>Rufio,</strong></span> <span class='ocrx_word' id='word_1_170' title='bbox 1036 1243 1200 1285; x_wconf 89' lang='lat' dir='ltr'><strong>medius</strong></span> <span class='ocrx_word' id='word_1_171' title='bbox 1234 1242 1386 1294; x_wconf 86' lang='lat' dir='ltr'><strong>fidius,</strong></span> <span class='ocrx_word' id='word_1_172' title='bbox 1434 1251 1529 1284; x_wconf 90' lang='lat' dir='ltr'><strong>tuus</strong></span> <span class='ocrx_word' id='word_1_173' title='bbox 1569 1243 1625 1284; x_wconf 93' lang='lat' dir='ltr'><strong>id.</strong></span> <span class='ocrx_word' id='word_1_174' title='bbox 1663 1240 1761 1284; x_wconf 91' lang='lat' dir='ltr'>VII.</span> <span class='ocrx_word' id='word_1_175' title='bbox 1797 1243 1875 1294; x_wconf 90' lang='lat'><strong>20,</strong></span> <span class='ocrx_word' id='word_1_176' title='bbox 1915 1243 1963 1293; x_wconf 92' lang='grc'><strong>1,</strong></span> <span class='ocrx_word' id='word_1_177' title='bbox 2011 1238 2124 1282; x_wconf 90' lang='lat' dir='ltr'><strong>Nolo</strong></span> <span class='ocrx_word' id='word_1_178' title='bbox 2168 1241 2333 1283; x_wconf 89' lang='lat' dir='ltr'><strong>medius</strong></span> <span class='ocrx_word' id='word_1_179' title='bbox 2378 1240 2504 1284; x_wconf 83' lang='lat' dir='ltr'><strong>fidius</strong></span> <span class='ocrx_word' id='word_1_180' title='bbox 2547 1241 2637 1285; x_wconf 87' lang='lat' dir='ltr'><strong>Cic.</strong></span> <span class='ocrx_word' id='word_1_181' title='bbox 2673 1239 2727 1290; x_wconf 85' lang='lat' dir='ltr'><strong>Q.</strong></span> <span class='ocrx_word' id='word_1_182' title='bbox 2770 1241 2841 1284; x_wconf 68' lang='lat' dir='ltr'><strong>Fr.</strong></span> 
     </span>
     <span class='ocr_line' id='line_1_14' title="bbox 356 1316 1854 1377; baseline -0.005 -9"><span class='ocrx_word' id='word_1_183' title='bbox 356 1324 385 1368; x_wconf 91' lang='lat'><strong>1.</strong></span> <span class='ocrx_word' id='word_1_184' title='bbox 420 1324 465 1377; x_wconf 89' lang='lat'><strong>3,</strong></span> <span class='ocrx_word' id='word_1_185' title='bbox 505 1324 590 1375; x_wconf 94' lang='grc'><strong>11,</strong></span> <span class='ocrx_word' id='word_1_186' title='bbox 627 1324 664 1364; x_wconf 92' lang='lat' dir='ltr'><strong>si</strong></span> <span class='ocrx_word' id='word_1_187' title='bbox 696 1324 785 1374; x_wconf 91' lang='lat' dir='ltr'><strong>uni,</strong></span> <span class='ocrx_word' id='word_1_188' title='bbox 821 1318 1080 1372; x_wconf 89' lang='lat' dir='ltr'><strong>mehercule,</strong></span> <span class='ocrx_word' id='word_1_189' title='bbox 1118 1318 1229 1361; x_wconf 91' lang='lat' dir='ltr'><strong>huic.</strong></span> <span class='ocrx_word' id='word_1_190' title='bbox 1266 1316 1357 1361; x_wconf 85' lang='lat' dir='ltr'><strong>Cic.</strong></span> <span class='ocrx_word' id='word_1_191' title='bbox 1395 1316 1520 1361; x_wconf 89' lang='lat' dir='ltr'><strong>Verr.</strong></span> <span class='ocrx_word' id='word_1_192' title='bbox 1556 1318 1625 1360; x_wconf 87' lang='lat'><strong>111.</strong></span> <span class='ocrx_word' id='word_1_193' title='bbox 1662 1318 1740 1371; x_wconf 88' lang='lat'><strong>31,</strong></span> <span class='ocrx_word' id='word_1_194' title='bbox 1778 1318 1854 1362; x_wconf 89' lang='grc'><strong>74.</strong></span> 
     </span>
    </p>
   </div>
   <div class='ocr_carea' id='block_1_5' title="bbox 349 1466 2847 2531">
    <p class='ocr_par' dir='ltr' id='par_1_5' title="bbox 349 1466 2847 2531">
     <span class='ocr_line' id='line_1_15' title="bbox 574 1466 2842 1526; baseline -0.002 -9"><span class='ocrx_word' id='word_1_195' title='bbox 574 1470 715 1525; x_wconf 61' lang='lat' dir='ltr'><strong>mod).</strong></span> <span class='ocrx_word' id='word_1_196' title='bbox 784 1469 916 1515; x_wconf 65' lang='lat' dir='ltr'><strong>§Zssenn</strong></span> <span class='ocrx_word' id='word_1_197' title='bbox 948 1470 1093 1526; x_wconf 74' lang='lat' dir='ltr'><strong>getebtt</strong></span> <span class='ocrx_word' id='word_1_198' title='bbox 1126 1466 1244 1522; x_wconf 75' lang='lat' dir='ltr'><strong>mitb,</strong></span> <span class='ocrx_word' id='word_1_199' title='bbox 1281 1470 1356 1512; x_wconf 60' lang='lat' dir='ltr'><strong>boe</strong></span> <span class='ocrx_word' id='word_1_200' title='bbox 1393 1468 1559 1524; x_wconf 61' lang='lat' dir='ltr'><strong>beutsdn</strong></span> <span class='ocrx_word' id='word_1_201' title='bbox 1592 1469 1706 1524; x_wconf 78' lang='lat' dir='ltr'><strong>nod)</strong></span> <span class='ocrx_word' id='word_1_202' title='bbox 1750 1468 1850 1514; x_wconf 76' lang='lat' dir='ltr'><strong>heim</strong></span> <span class='ocrx_word' id='word_1_203' title='bbox 1886 1466 2149 1526; x_wconf 65' lang='grc' dir='ltr'><strong>(ξοηιραταῐίυ</strong></span> <span class='ocrx_word' id='word_1_204' title='bbox 2186 1466 2290 1522; x_wconf 68' lang='lat' dir='ltr'><strong>beifie</strong></span> <span class='ocrx_word' id='word_1_205' title='bbox 2326 1472 2480 1523; x_wconf 84' lang='lat' dir='ltr'><strong>etiam,</strong></span> <span class='ocrx_word' id='word_1_206' title='bbox 2531 1469 2588 1522; x_wconf 71' lang='lat' dir='ltr'><strong>oft</strong></span> <span class='ocrx_word' id='word_1_207' title='bbox 2630 1470 2753 1513; x_wconf 73' lang='lat' dir='ltr'><strong>werbe</strong></span> <span class='ocrx_word' id='word_1_208' title='bbox 2799 1471 2842 1512; x_wconf 66' lang='grc' dir='ltr'><strong>εὔ</strong></span> 
     </span>
     <span class='ocr_line' id='line_1_16' title="bbox 349 1542 2844 1607; baseline -0.003 -12"><span class='ocrx_word' id='word_1_209' title='bbox 349 1563 422 1607; x_wconf 73' lang='lat' dir='ltr'><strong>got</strong></span> <span class='ocrx_word' id='word_1_210' title='bbox 456 1547 558 1603; x_wconf 67' lang='lat' dir='ltr'><strong>nicht</strong></span> <span class='ocrx_word' id='word_1_211' title='bbox 592 1545 864 1605; x_wconf 66' lang='lat' dir='ltr'><strong>oussgebtfidt,</strong></span> <span class='ocrx_word' id='word_1_212' title='bbox 918 1547 957 1601; x_wconf 70' lang='lat' dir='ltr'><strong>fo</strong></span> <span class='ocrx_word' id='word_1_213' title='bbox 990 1544 1036 1601; x_wconf 71' lang='lat' dir='ltr'><strong>ist</strong></span> <span class='ocrx_word' id='word_1_214' title='bbox 1068 1548 1144 1590; x_wconf 57' lang='lat' dir='ltr'><strong>bag</strong></span> <span class='ocrx_word' id='word_1_215' title='bbox 1179 1544 1280 1600; x_wconf 61' lang='lat' dir='ltr'><strong>nicht</strong></span> <span class='ocrx_word' id='word_1_216' title='bbox 1313 1543 1531 1602; x_wconf 72' lang='lat' dir='ltr'><strong>antid&gt;tig;</strong></span> <span class='ocrx_word' id='word_1_217' title='bbox 1576 1546 1667 1591; x_wconf 76' lang='lat' dir='ltr'><strong>abet</strong></span> <span class='ocrx_word' id='word_1_218' title='bbox 1699 1544 1952 1603; x_wconf 74' lang='lat' dir='ltr'><strong>notbmenbig</strong></span> <span class='ocrx_word' id='word_1_219' title='bbox 1993 1543 2036 1601; x_wconf 74' lang='lat' dir='ltr'><strong>ist</strong></span> <span class='ocrx_word' id='word_1_220' title='bbox 2083 1548 2146 1591; x_wconf 81' lang='lat' dir='ltr'><strong>bet</strong></span> <span class='ocrx_word' id='word_1_221' title='bbox 2179 1546 2335 1601; x_wconf 61' lang='lat' dir='ltr'><strong>Surae,</strong></span> <span class='ocrx_word' id='word_1_222' title='bbox 2385 1546 2460 1600; x_wconf 68' lang='grc' dir='ltr'><strong>δαβ</strong></span> <span class='ocrx_word' id='word_1_223' title='bbox 2506 1550 2636 1590; x_wconf 83' lang='lat' dir='ltr'><strong>etiam</strong></span> <span class='ocrx_word' id='word_1_224' title='bbox 2676 1544 2747 1600; x_wconf 70' lang='lat' dir='ltr'><strong>fast</strong></span> <span class='ocrx_word' id='word_1_225' title='bbox 2779 1542 2844 1589; x_wconf 81' lang='lat' dir='ltr'><strong>nie</strong></span> 
     </span>
     <span class='ocr_line' id='line_1_17' title="bbox 354 1610 2845 1679; baseline -0.002 -9"><span class='ocrx_word' id='word_1_226' title='bbox 354 1625 473 1670; x_wconf 77' lang='lat' dir='ltr'><strong>neben</strong></span> <span class='ocrx_word' id='word_1_227' title='bbox 507 1626 594 1669; x_wconf 79' lang='lat' dir='ltr'><strong>bem</strong></span> <span class='ocrx_word' id='word_1_228' title='bbox 630 1620 891 1679; x_wconf 61' lang='lat' dir='ltr'><strong>§conparatio</strong></span> <span class='ocrx_word' id='word_1_229' title='bbox 926 1620 1117 1679; x_wconf 65' lang='lat' dir='ltr'><strong>ascheim,</strong></span> <span class='ocrx_word' id='word_1_230' title='bbox 1153 1633 1270 1667; x_wconf 80' lang='lat' dir='ltr'><strong>menn</strong></span> <span class='ocrx_word' id='word_1_231' title='bbox 1306 1619 1420 1677; x_wconf 72' lang='lat' dir='ltr'><strong>bieser</strong></span> <span class='ocrx_word' id='word_1_232' title='bbox 1454 1621 1526 1667; x_wconf 83' lang='lat' dir='ltr'><strong>mit</strong></span> <span class='ocrx_word' id='word_1_233' title='bbox 1558 1610 1696 1677; x_wconf 64' lang='lat' dir='ltr'><strong>sefnem</strong></span> <span class='ocrx_word' id='word_1_234' title='bbox 1731 1620 1886 1679; x_wconf 67' lang='lat' dir='ltr'><strong>tigrum</strong></span> <span class='ocrx_word' id='word_1_235' title='bbox 1912 1620 2079 1678; x_wconf 61' lang='grc' dir='ltr'><strong>Ψοῇῑίυ,</strong></span> <span class='ocrx_word' id='word_1_236' title='bbox 2120 1623 2209 1667; x_wconf 80' lang='lat' dir='ltr'><strong>obet</strong></span> <span class='ocrx_word' id='word_1_237' title='bbox 2228 1621 2325 1676; x_wconf 78' lang='lat' dir='ltr'><strong>aud)</strong></span> <span class='ocrx_word' id='word_1_238' title='bbox 2345 1620 2598 1679; x_wconf 50' lang='lat' dir='ltr'><strong>&amp;arcuatim</strong></span> <span class='ocrx_word' id='word_1_239' title='bbox 2634 1619 2845 1679; x_wconf 64' lang='lat' dir='ltr'><strong>oetgtidnn</strong></span> 
     </span>
     <span class='ocr_line' id='line_1_18' title="bbox 352 1696 2847 1755; baseline -0.001 -10"><span class='ocrx_word' id='word_1_240' title='bbox 352 1704 491 1745; x_wconf 68' lang='lat' dir='ltr'><strong>werbe.</strong></span> <span class='ocrx_word' id='word_1_241' title='bbox 560 1698 704 1751; x_wconf 51' lang='lat' dir='ltr'><strong>&amp;esee</strong></span> <span class='ocrx_word' id='word_1_242' title='bbox 750 1697 837 1750; x_wconf 67' lang='lat' dir='ltr'><strong>ffifit</strong></span> <span class='ocrx_word' id='word_1_243' title='bbox 878 1697 948 1751; x_wconf 70' lang='lat' dir='ltr'><strong>fid&gt;</strong></span> <span class='ocrx_word' id='word_1_244' title='bbox 992 1710 1046 1742; x_wconf 79' lang='lat' dir='ltr'><strong>on</strong></span> <span class='ocrx_word' id='word_1_245' title='bbox 1090 1698 1297 1753; x_wconf 72' lang='lat' dir='ltr'><strong>folgenben</strong></span> <span class='ocrx_word' id='word_1_246' title='bbox 1341 1697 1571 1753; x_wconf 62' lang='lat' dir='ltr'><strong>gablteidnn</strong></span> <span class='ocrx_word' id='word_1_247' title='bbox 1619 1699 1778 1745; x_wconf 58' lang='lat' dir='ltr'><strong>&amp;teum</strong></span> <span class='ocrx_word' id='word_1_248' title='bbox 1824 1701 1889 1743; x_wconf 77' lang='lat' dir='ltr'><strong>bet</strong></span> <span class='ocrx_word' id='word_1_249' title='bbox 1921 1700 2037 1744; x_wconf 62' lang='lat' dir='ltr'><strong>Xtten</strong></span> <span class='ocrx_word' id='word_1_250' title='bbox 2073 1699 2378 1755; x_wconf 73' lang='lat' dir='ltr'><strong>mobtuebmen,</strong></span> <span class='ocrx_word' id='word_1_251' title='bbox 2426 1697 2485 1742; x_wconf 70' lang='lat' dir='ltr'><strong>bie</strong></span> <span class='ocrx_word' id='word_1_252' title='bbox 2529 1697 2742 1752; x_wconf 68' lang='lat' dir='ltr'><strong>fdmmtlid)</strong></span> <span class='ocrx_word' id='word_1_253' title='bbox 2788 1696 2847 1742; x_wconf 78' lang='lat' dir='ltr'><strong>im</strong></span> 
     </span>
     <span class='ocr_line' id='line_1_19' title="bbox 353 1773 2838 1834; baseline -0.002 -12"><span class='ocrx_word' id='word_1_254' title='bbox 353 1776 574 1832; x_wconf 56' lang='lat' dir='ltr'><strong>Qeutsdnn</strong></span> <span class='ocrx_word' id='word_1_255' title='bbox 609 1774 682 1818; x_wconf 76' lang='lat' dir='ltr'><strong>mit</strong></span> <span class='ocrx_word' id='word_1_256' title='bbox 715 1775 824 1829; x_wconf 79' lang='lat' dir='ltr'><strong>nod)</strong></span> <span class='ocrx_word' id='word_1_257' title='bbox 868 1773 1046 1828; x_wconf 50' lang='lat' dir='ltr'><strong>iibetfesst</strong></span> <span class='ocrx_word' id='word_1_258' title='bbox 1088 1776 1262 1818; x_wconf 66' lang='lat' dir='ltr'><strong>werhen:</strong></span> <span class='ocrx_word' id='word_1_259' title='bbox 1339 1776 1379 1817; x_wconf 90' lang='lat' dir='ltr'>O</span> <span class='ocrx_word' id='word_1_260' title='bbox 1427 1779 1688 1819; x_wconf 89' lang='lat' dir='ltr'><strong>miserum</strong></span> <span class='ocrx_word' id='word_1_261' title='bbox 1723 1787 1791 1828; x_wconf 90' lang='lat' dir='ltr'><strong>te,</strong></span> <span class='ocrx_word' id='word_1_262' title='bbox 1840 1780 1877 1818; x_wconf 91' lang='lat' dir='ltr'><strong>si</strong></span> <span class='ocrx_word' id='word_1_263' title='bbox 1920 1777 2025 1819; x_wconf 89' lang='lat' dir='ltr'><strong>haec</strong></span> <span class='ocrx_word' id='word_1_264' title='bbox 2068 1776 2309 1834; x_wconf 87' lang='lat' dir='ltr'><strong>intelligis,</strong></span> <span class='ocrx_word' id='word_1_265' title='bbox 2360 1779 2735 1828; x_wconf 86' lang='lat' dir='ltr'><strong>miseriorem,</strong></span> <span class='ocrx_word' id='word_1_266' title='bbox 2785 1779 2838 1827; x_wconf 90' lang='lat' dir='ltr'><strong>si,</strong></span> 
     </span>
     <span class='ocr_line' id='line_1_20' title="bbox 353 1850 2845 1910; baseline -0.002 -11"><span class='ocrx_word' id='word_1_267' title='bbox 353 1856 444 1907; x_wconf 77' lang='lat' dir='ltr'><strong>nod)</strong></span> <span class='ocrx_word' id='word_1_268' title='bbox 480 1850 769 1910; x_wconf 61' lang='lat' dir='ltr'><strong>ungtfidtidyer,</strong></span> <span class='ocrx_word' id='word_1_269' title='bbox 804 1863 920 1894; x_wconf 72' lang='lat' dir='ltr'><strong>menn</strong></span> <span class='ocrx_word' id='word_1_270' title='bbox 955 1852 1045 1894; x_wconf 92' lang='lat' dir='ltr'><strong>Cic.</strong></span> <span class='ocrx_word' id='word_1_271' title='bbox 1084 1852 1197 1896; x_wconf 84' lang='lat' dir='ltr'><strong>Phil.</strong></span> <span class='ocrx_word' id='word_1_272' title='bbox 1232 1852 1287 1893; x_wconf 94' lang='lat' dir='ltr'><strong>II.</strong></span> <span class='ocrx_word' id='word_1_273' title='bbox 1327 1854 1404 1908; x_wconf 84' lang='lat'><strong>22,</strong></span> <span class='ocrx_word' id='word_1_274' title='bbox 1442 1855 1529 1907; x_wconf 85' lang='grc'><strong>54,</strong></span> <span class='ocrx_word' id='word_1_275' title='bbox 1576 1854 1760 1896; x_wconf 87' lang='lat' dir='ltr'><strong>sedecim</strong></span> <span class='ocrx_word' id='word_1_276' title='bbox 1803 1853 1922 1896; x_wconf 88' lang='lat' dir='ltr'><strong>milia</strong></span> <span class='ocrx_word' id='word_1_277' title='bbox 1965 1855 2112 1897; x_wconf 85' lang='lat' dir='ltr'><strong>aberat</strong></span> <span class='ocrx_word' id='word_1_278' title='bbox 2145 1854 2249 1896; x_wconf 91' lang='lat' dir='ltr'><strong>urbe</strong></span> <span class='ocrx_word' id='word_1_279' title='bbox 2292 1853 2436 1895; x_wconf 87' lang='lat' dir='ltr'><strong>nobile</strong></span> <span class='ocrx_word' id='word_1_280' title='bbox 2483 1852 2708 1907; x_wconf 87' lang='lat' dir='ltr'><strong>templum,</strong></span> <span class='ocrx_word' id='word_1_281' title='bbox 2753 1855 2845 1908; x_wconf 83' lang='lat' dir='ltr'><strong>ipsa</strong></span> 
     </span>
     <span class='ocr_line' id='line_1_21' title="bbox 351 1927 2844 1987; baseline -0.002 -11"><span class='ocrx_word' id='word_1_282' title='bbox 351 1934 453 1975; x_wconf 85' lang='lat' dir='ltr'><strong>urbe</strong></span> <span class='ocrx_word' id='word_1_283' title='bbox 489 1941 580 1975; x_wconf 86' lang='lat' dir='ltr'><strong>erat</strong></span> <span class='ocrx_word' id='word_1_284' title='bbox 615 1930 800 1973; x_wconf 87' lang='lat' dir='ltr'><strong>nobilius</strong></span> <span class='ocrx_word' id='word_1_285' title='bbox 834 1931 933 1973; x_wconf 84' lang='lat' dir='ltr'><strong>Liv.</strong></span> <span class='ocrx_word' id='word_1_286' title='bbox 968 1927 1140 1972; x_wconf 90' lang='lat' dir='ltr'>XXIV.</span> <span class='ocrx_word' id='word_1_287' title='bbox 1176 1932 1223 1983; x_wconf 90' lang='lat'><strong>3,</strong></span> <span class='ocrx_word' id='word_1_288' title='bbox 1260 1931 1316 1984; x_wconf 90' lang='grc'><strong>3,</strong></span> <span class='ocrx_word' id='word_1_289' title='bbox 1353 1935 1517 1987; x_wconf 82' lang='lat' dir='ltr'><strong>tyranni</strong></span> <span class='ocrx_word' id='word_1_290' title='bbox 1552 1932 1666 1974; x_wconf 84' lang='lat' dir='ltr'><strong>foedi</strong></span> <span class='ocrx_word' id='word_1_291' title='bbox 1699 1931 1863 1974; x_wconf 86' lang='lat' dir='ltr'><strong>scelera</strong></span> <span class='ocrx_word' id='word_1_292' title='bbox 1894 1933 2190 1986; x_wconf 84' lang='lat' dir='ltr'><strong>foedioresque</strong></span> <span class='ocrx_word' id='word_1_293' title='bbox 2223 1932 2426 1974; x_wconf 88' lang='lat' dir='ltr'><strong>libidines</strong></span> <span class='ocrx_word' id='word_1_294' title='bbox 2459 1932 2557 1973; x_wconf 88' lang='lat' dir='ltr'><strong>Liv.</strong></span> <span class='ocrx_word' id='word_1_295' title='bbox 2574 1927 2743 1972; x_wconf 87' lang='lat' dir='ltr'>XXIV.</span> <span class='ocrx_word' id='word_1_296' title='bbox 2765 1931 2844 1982; x_wconf 87' lang='lat'><strong>21,</strong></span> 
     </span>
     <span class='ocr_line' id='line_1_22' title="bbox 353 2007 2844 2063; baseline -0.002 -9"><span class='ocrx_word' id='word_1_297' title='bbox 353 2011 404 2062; x_wconf 88' lang='grc'><strong>3,</strong></span> <span class='ocrx_word' id='word_1_298' title='bbox 454 2010 629 2053; x_wconf 87' lang='lat' dir='ltr'><strong>caedem</strong></span> <span class='ocrx_word' id='word_1_299' title='bbox 662 2024 735 2063; x_wconf 90' lang='lat' dir='ltr'><strong>per</strong></span> <span class='ocrx_word' id='word_1_300' title='bbox 769 2023 815 2050; x_wconf 90' lang='lat' dir='ltr'><strong>se</strong></span> <span class='ocrx_word' id='word_1_301' title='bbox 851 2007 1140 2050; x_wconf 81' lang='lat' dir='ltr'><strong>miserabilem</strong></span> <span class='ocrx_word' id='word_1_302' title='bbox 1176 2009 1529 2051; x_wconf 83' lang='lat' dir='ltr'><strong>miserabiliorem</strong></span> <span class='ocrx_word' id='word_1_303' title='bbox 1565 2025 1686 2052; x_wconf 87' lang='lat' dir='ltr'><strong>casus</strong></span> <span class='ocrx_word' id='word_1_304' title='bbox 1728 2011 1831 2052; x_wconf 83' lang='lat' dir='ltr'><strong>fecit</strong></span> <span class='ocrx_word' id='word_1_305' title='bbox 1864 2011 1963 2053; x_wconf 91' lang='lat' dir='ltr'><strong>Liv.</strong></span> <span class='ocrx_word' id='word_1_306' title='bbox 2000 2008 2170 2052; x_wconf 88' lang='lat' dir='ltr'>XXIV.</span> <span class='ocrx_word' id='word_1_307' title='bbox 2206 2010 2293 2063; x_wconf 87' lang='grc'><strong>26,</strong></span> <span class='ocrx_word' id='word_1_308' title='bbox 2332 2010 2416 2060; x_wconf 88' lang='grc'><strong>14,</strong></span> <span class='ocrx_word' id='word_1_309' title='bbox 2463 2012 2599 2051; x_wconf 88' lang='lat' dir='ltr'><strong>tristia</strong></span> <span class='ocrx_word' id='word_1_310' title='bbox 2642 2022 2844 2063; x_wconf 86' lang='lat' dir='ltr'><strong>responsa</strong></span> 
     </span>
     <span class='ocr_line' id='line_1_23' title="bbox 352 2082 2844 2144; baseline -0.001 -15"><span class='ocrx_word' id='word_1_311' title='bbox 352 2087 542 2139; x_wconf 89' lang='lat' dir='ltr'><strong>reddita,</strong></span> <span class='ocrx_word' id='word_1_312' title='bbox 579 2088 768 2128; x_wconf 86' lang='lat' dir='ltr'><strong>tristiora</strong></span> <span class='ocrx_word' id='word_1_313' title='bbox 802 2083 967 2127; x_wconf 89' lang='lat' dir='ltr'><strong>colonis</strong></span> <span class='ocrx_word' id='word_1_314' title='bbox 1001 2085 1099 2126; x_wconf 87' lang='lat' dir='ltr'><strong>Liv.</strong></span> <span class='ocrx_word' id='word_1_315' title='bbox 1136 2082 1213 2126; x_wconf 92' lang='lat' dir='ltr'><strong>VI.</strong></span> <span class='ocrx_word' id='word_1_316' title='bbox 1255 2086 1330 2139; x_wconf 88' lang='lat'><strong>17,</strong></span> <span class='ocrx_word' id='word_1_317' title='bbox 1369 2089 1416 2139; x_wconf 88' lang='grc'><strong>7,</strong></span> <span class='ocrx_word' id='word_1_318' title='bbox 1464 2101 1639 2144; x_wconf 87' lang='lat' dir='ltr'><strong>magnas</strong></span> <span class='ocrx_word' id='word_1_319' title='bbox 1686 2086 1833 2129; x_wconf 85' lang='lat' dir='ltr'><strong>habuit</strong></span> <span class='ocrx_word' id='word_1_320' title='bbox 1868 2100 1995 2142; x_wconf 88' lang='lat' dir='ltr'><strong>opes,</strong></span> <span class='ocrx_word' id='word_1_321' title='bbox 2033 2095 2075 2128; x_wconf 86' lang='lat' dir='ltr'><strong>et</strong></span> <span class='ocrx_word' id='word_1_322' title='bbox 2107 2085 2241 2128; x_wconf 89' lang='lat' dir='ltr'><strong>multo</strong></span> <span class='ocrx_word' id='word_1_323' title='bbox 2276 2087 2464 2141; x_wconf 85' lang='lat' dir='ltr'><strong>majores</strong></span> <span class='ocrx_word' id='word_1_324' title='bbox 2493 2083 2713 2127; x_wconf 90' lang='lat' dir='ltr'><strong>Viriathus</strong></span> <span class='ocrx_word' id='word_1_325' title='bbox 2748 2083 2844 2126; x_wconf 85' lang='lat' dir='ltr'><strong>Cic.</strong></span> 
     </span>
     <span class='ocr_line' id='line_1_24' title="bbox 357 2160 2837 2219; baseline 0 -15"><span class='ocrx_word' id='word_1_326' title='bbox 357 2161 449 2206; x_wconf 82' lang='lat' dir='ltr'><strong>off.</strong></span> <span class='ocrx_word' id='word_1_327' title='bbox 484 2162 536 2204; x_wconf 94' lang='lat' dir='ltr'><strong>II.</strong></span> <span class='ocrx_word' id='word_1_328' title='bbox 577 2163 655 2211; x_wconf 91' lang='lat'><strong>11,</strong></span> <span class='ocrx_word' id='word_1_329' title='bbox 691 2161 777 2213; x_wconf 91' lang='grc'><strong>40,</strong></span> <span class='ocrx_word' id='word_1_330' title='bbox 815 2161 924 2215; x_wconf 85' lang='lat' dir='ltr'><strong>quod</strong></span> <span class='ocrx_word' id='word_1_331' title='bbox 959 2164 1043 2202; x_wconf 90' lang='lat' dir='ltr'><strong>etsi</strong></span> <span class='ocrx_word' id='word_1_332' title='bbox 1077 2174 1206 2216; x_wconf 86' lang='lat' dir='ltr'><strong>saepe</strong></span> <span class='ocrx_word' id='word_1_333' title='bbox 1242 2162 1400 2204; x_wconf 88' lang='lat' dir='ltr'><strong>dictum</strong></span> <span class='ocrx_word' id='word_1_334' title='bbox 1436 2171 1516 2215; x_wconf 86' lang='lat' dir='ltr'><strong>est,</strong></span> <span class='ocrx_word' id='word_1_335' title='bbox 1553 2163 1776 2206; x_wconf 88' lang='lat' dir='ltr'><strong>dicendum</strong></span> <span class='ocrx_word' id='word_1_336' title='bbox 1812 2171 1877 2205; x_wconf 88' lang='lat' dir='ltr'><strong>est</strong></span> <span class='ocrx_word' id='word_1_337' title='bbox 1911 2172 2050 2205; x_wconf 89' lang='lat' dir='ltr'><strong>tamen</strong></span> <span class='ocrx_word' id='word_1_338' title='bbox 2086 2166 2255 2219; x_wconf 87' lang='lat' dir='ltr'><strong>saepius</strong></span> <span class='ocrx_word' id='word_1_339' title='bbox 2290 2161 2380 2204; x_wconf 89' lang='lat' dir='ltr'><strong>Cic.</strong></span> <span class='ocrx_word' id='word_1_340' title='bbox 2422 2160 2510 2204; x_wconf 84' lang='lat' dir='ltr'><strong>Off.</strong></span> <span class='ocrx_word' id='word_1_341' title='bbox 2545 2161 2618 2202; x_wconf 89' lang='lat'><strong>111.</strong></span> <span class='ocrx_word' id='word_1_342' title='bbox 2642 2163 2714 2213; x_wconf 91' lang='lat'><strong>17,</strong></span> <span class='ocrx_word' id='word_1_343' title='bbox 2751 2160 2837 2214; x_wconf 84' lang='grc'><strong>69,</strong></span> 
     </span>
     <span class='ocr_line' id='line_1_25' title="bbox 355 2237 2841 2296; baseline -0.001 -15"><span class='ocrx_word' id='word_1_344' title='bbox 355 2249 453 2281; x_wconf 90' lang='lat' dir='ltr'><strong>sunt</strong></span> <span class='ocrx_word' id='word_1_345' title='bbox 489 2241 601 2280; x_wconf 88' lang='lat' dir='ltr'><strong>enim</strong></span> <span class='ocrx_word' id='word_1_346' title='bbox 636 2237 759 2278; x_wconf 91' lang='lat' dir='ltr'><strong>multi</strong></span> <span class='ocrx_word' id='word_1_347' title='bbox 788 2240 882 2291; x_wconf 92' lang='lat' dir='ltr'><strong>qui.</strong></span> <span class='ocrx_word' id='word_1_348' title='bbox 904 2266 913 2277; x_wconf 92' lang='lat'><strong>.</strong></span> <span class='ocrx_word' id='word_1_349' title='bbox 933 2267 961 2289; x_wconf 89' lang='lat'><strong>.,</strong></span> <span class='ocrx_word' id='word_1_350' title='bbox 995 2237 1153 2291; x_wconf 79' lang='lat' dir='ltr'><strong>plureS‚</strong></span> <span class='ocrx_word' id='word_1_351' title='bbox 1191 2241 1261 2291; x_wconf 92' lang='lat' dir='ltr'><strong>qui</strong></span> <span class='ocrx_word' id='word_1_352' title='bbox 1295 2237 1386 2281; x_wconf 89' lang='lat' dir='ltr'><strong>Cic.</strong></span> <span class='ocrx_word' id='word_1_353' title='bbox 1402 2239 1480 2280; x_wconf 89' lang='lat' dir='ltr'><strong>Ac.</strong></span> <span class='ocrx_word' id='word_1_354' title='bbox 1495 2240 1548 2282; x_wconf 85' lang='lat'><strong>11.</strong></span> <span class='ocrx_word' id='word_1_355' title='bbox 1563 2242 1674 2294; x_wconf 89' lang='lat'><strong>2,5;</strong></span> <span class='ocrx_word' id='word_1_356' title='bbox 1712 2241 1949 2283; x_wconf 86' lang='lat' dir='ltr'><strong>sentiebam</strong></span> <span class='ocrx_word' id='word_1_357' title='bbox 1979 2242 2153 2282; x_wconf 91' lang='lat' dir='ltr'><strong>omnino</strong></span> <span class='ocrx_word' id='word_1_358' title='bbox 2174 2263 2253 2292; x_wconf 89' lang='lat'><strong>—,</strong></span> <span class='ocrx_word' id='word_1_359' title='bbox 2290 2241 2365 2281; x_wconf 87' lang='lat' dir='ltr'><strong>sed</strong></span> <span class='ocrx_word' id='word_1_360' title='bbox 2383 2239 2518 2281; x_wconf 90' lang='lat' dir='ltr'><strong>multo</strong></span> <span class='ocrx_word' id='word_1_361' title='bbox 2549 2242 2685 2296; x_wconf 79' lang='lat' dir='ltr'><strong>magis</strong></span> <span class='ocrx_word' id='word_1_362' title='bbox 2703 2242 2841 2280; x_wconf 87' lang='lat' dir='ltr'><strong>sentio</strong></span> 
     </span>
     <span class='ocr_line' id='line_1_26' title="bbox 354 2300 2844 2370; baseline -0 -11"><span class='ocrx_word' id='word_1_363' title='bbox 354 2317 445 2359; x_wconf 89' lang='lat' dir='ltr'><strong>Cic.</strong></span> <span class='ocrx_word' id='word_1_364' title='bbox 482 2315 572 2357; x_wconf 85' lang='lat' dir='ltr'><strong>Att.</strong></span> <span class='ocrx_word' id='word_1_365' title='bbox 608 2312 707 2356; x_wconf 90' lang='lat' dir='ltr'>XII.</span> <span class='ocrx_word' id='word_1_366' title='bbox 743 2314 829 2365; x_wconf 89' lang='grc'><strong>48,</strong></span> <span class='ocrx_word' id='word_1_367' title='bbox 866 2314 1020 2356; x_wconf 88' lang='lat' dir='ltr'><strong>acerbe</strong></span> <span class='ocrx_word' id='word_1_368' title='bbox 1056 2314 1210 2356; x_wconf 92' lang='lat' dir='ltr'><strong>tuendo</strong></span> <span class='ocrx_word' id='word_1_369' title='bbox 1239 2318 1337 2370; x_wconf 87' lang='lat' dir='ltr'><strong>jura</strong></span> <span class='ocrx_word' id='word_1_370' title='bbox 1372 2316 1532 2358; x_wconf 90' lang='lat' dir='ltr'><strong>ordinis</strong></span> <span class='ocrx_word' id='word_1_371' title='bbox 1565 2318 1828 2360; x_wconf 90' lang='lat' dir='ltr'><strong>acerbiorem</strong></span> <span class='ocrx_word' id='word_1_372' title='bbox 1862 2317 2177 2359; x_wconf 85' lang='lat' dir='ltr'><strong>multitudinem</strong></span> <span class='ocrx_word' id='word_1_373' title='bbox 2211 2302 2365 2359; x_wconf 82' lang='lat' dir='ltr'><strong>secisse</strong></span> <span class='ocrx_word' id='word_1_374' title='bbox 2418 2300 2515 2358; x_wconf 80' lang='lat' dir='ltr'><strong>Liv.</strong></span> <span class='ocrx_word' id='word_1_375' title='bbox 2567 2315 2638 2357; x_wconf 88' lang='lat'><strong>111.</strong></span> <span class='ocrx_word' id='word_1_376' title='bbox 2675 2315 2752 2368; x_wconf 88' lang='lat'><strong>69,</strong></span> <span class='ocrx_word' id='word_1_377' title='bbox 2786 2315 2844 2369; x_wconf 85' lang='grc'><strong>4,</strong></span> 
     </span>
     <span class='ocr_line' id='line_1_27' title="bbox 353 2391 2841 2453; baseline -0 -18"><span class='ocrx_word' id='word_1_378' title='bbox 353 2392 613 2435; x_wconf 87' lang='lat' dir='ltr'><strong>tumultuose</strong></span> <span class='ocrx_word' id='word_1_379' title='bbox 647 2401 820 2433; x_wconf 86' lang='lat' dir='ltr'><strong>vocatus</strong></span> <span class='ocrx_word' id='word_1_380' title='bbox 856 2391 1156 2433; x_wconf 90' lang='lat' dir='ltr'><strong>tumultuosius</strong></span> <span class='ocrx_word' id='word_1_381' title='bbox 1192 2393 1424 2435; x_wconf 88' lang='lat' dir='ltr'><strong>consulitur</strong></span> <span class='ocrx_word' id='word_1_382' title='bbox 1457 2395 1555 2435; x_wconf 90' lang='lat' dir='ltr'><strong>Liv.</strong></span> <span class='ocrx_word' id='word_1_383' title='bbox 1592 2394 1644 2436; x_wconf 88' lang='lat' dir='ltr'><strong>II.</strong></span> <span class='ocrx_word' id='word_1_384' title='bbox 1681 2395 1758 2449; x_wconf 91' lang='lat'><strong>29,</strong></span> <span class='ocrx_word' id='word_1_385' title='bbox 1794 2396 1849 2448; x_wconf 91' lang='grc'><strong>4,</strong></span> <span class='ocrx_word' id='word_1_386' title='bbox 1884 2411 2039 2453; x_wconf 84' lang='lat' dir='ltr'><strong>aegre,</strong></span> <span class='ocrx_word' id='word_1_387' title='bbox 2074 2394 2210 2437; x_wconf 89' lang='lat' dir='ltr'><strong>multo</strong></span> <span class='ocrx_word' id='word_1_388' title='bbox 2246 2396 2416 2450; x_wconf 84' lang='lat' dir='ltr'><strong>aegrius</strong></span> <span class='ocrx_word' id='word_1_389' title='bbox 2450 2394 2546 2435; x_wconf 89' lang='lat' dir='ltr'><strong>Liv.</strong></span> <span class='ocrx_word' id='word_1_390' title='bbox 2583 2391 2636 2435; x_wconf 91' lang='lat' dir='ltr'><strong>II.</strong></span> <span class='ocrx_word' id='word_1_391' title='bbox 2673 2393 2750 2444; x_wconf 88' lang='grc'><strong>57,</strong></span> <span class='ocrx_word' id='word_1_392' title='bbox 2789 2394 2841 2443; x_wconf 91' lang='grc'><strong>1,</strong></span> 
     </span>
     <span class='ocr_line' id='line_1_28' title="bbox 355 2467 2842 2531; baseline 0 -18"><span class='ocrx_word' id='word_1_393' title='bbox 355 2470 508 2524; x_wconf 88' lang='lat' dir='ltr'><strong>quodsi</strong></span> <span class='ocrx_word' id='word_1_394' title='bbox 544 2467 821 2511; x_wconf 85' lang='lat' dir='ltr'><strong>artificiosum</strong></span> <span class='ocrx_word' id='word_1_395' title='bbox 857 2478 922 2511; x_wconf 90' lang='lat' dir='ltr'><strong>est</strong></span> <span class='ocrx_word' id='word_1_396' title='bbox 955 2468 1229 2525; x_wconf 87' lang='lat' dir='ltr'><strong>intelligere,</strong></span> <span class='ocrx_word' id='word_1_397' title='bbox 1276 2469 1408 2512; x_wconf 91' lang='lat' dir='ltr'><strong>multo</strong></span> <span class='ocrx_word' id='word_1_398' title='bbox 1454 2479 1520 2513; x_wconf 88' lang='lat' dir='ltr'><strong>est</strong></span> <span class='ocrx_word' id='word_1_399' title='bbox 1564 2473 1836 2516; x_wconf 87' lang='lat' dir='ltr'><strong>artificiosius</strong></span> <span class='ocrx_word' id='word_1_400' title='bbox 1878 2473 2001 2516; x_wconf 91' lang='lat' dir='ltr'><strong>Auct.</strong></span> <span class='ocrx_word' id='word_1_401' title='bbox 2046 2473 2100 2516; x_wconf 87' lang='lat' dir='ltr'><strong>ad</strong></span> <span class='ocrx_word' id='word_1_402' title='bbox 2132 2471 2238 2515; x_wconf 86' lang='lat' dir='ltr'><strong>Her.</strong></span> <span class='ocrx_word' id='word_1_403' title='bbox 2273 2469 2350 2514; x_wconf 87' lang='lat' dir='ltr'><strong>IV.</strong></span> <span class='ocrx_word' id='word_1_404' title='bbox 2387 2470 2446 2522; x_wconf 90' lang='grc'><strong>4,</strong></span> <span class='ocrx_word' id='word_1_405' title='bbox 2485 2471 2541 2520; x_wconf 87' lang='grc'><strong>7,</strong></span> <span class='ocrx_word' id='word_1_406' title='bbox 2582 2469 2667 2512; x_wconf 86' lang='lat' dir='ltr'><strong>alia</strong></span> <span class='ocrx_word' id='word_1_407' title='bbox 2709 2485 2842 2531; x_wconf 86' lang='lat' dir='ltr'><strong>aeque</strong></span> 
     </span>
    </p>
   </div>
   <div class='ocr_carea' id='block_1_6' title="bbox 304 2544 2841 2607">
    <p class='ocr_par' dir='ltr' id='par_1_6' title="bbox 304 2544 2841 2607">
     <span class='ocr_line' id='line_1_29' title="bbox 304 2544 2841 2607; baseline -0.002 -15"><span class='ocrx_word' id='word_1_408' title='bbox 304 2597 316 2607; x_wconf 72' lang='lat'><strong>.</strong></span> <span class='ocrx_word' id='word_1_409' title='bbox 354 2548 492 2599; x_wconf 87' lang='lat' dir='ltr'><strong>firma,</strong></span> <span class='ocrx_word' id='word_1_410' title='bbox 527 2554 601 2587; x_wconf 91' lang='lat' dir='ltr'><strong>aut</strong></span> <span class='ocrx_word' id='word_1_411' title='bbox 633 2544 794 2589; x_wconf 87' lang='lat' dir='ltr'><strong>firmior</strong></span> <span class='ocrx_word' id='word_1_412' title='bbox 828 2545 916 2588; x_wconf 88' lang='lat' dir='ltr'><strong>Cic.</strong></span> <span class='ocrx_word' id='word_1_413' title='bbox 950 2546 1040 2588; x_wconf 89' lang='lat' dir='ltr'><strong>Inv.</strong></span> <span class='ocrx_word' id='word_1_414' title='bbox 1075 2545 1108 2588; x_wconf 94' lang='grc' dir='ltr'><strong>Ι.</strong></span> <span class='ocrx_word' id='word_1_415' title='bbox 1143 2546 1221 2595; x_wconf 87' lang='grc'><strong>42,</strong></span> <span class='ocrx_word' id='word_1_416' title='bbox 1262 2547 1563 2599; x_wconf 80' lang='lat' dir='ltr'><strong>793&#39;similem</strong></span> <span class='ocrx_word' id='word_1_417' title='bbox 1597 2549 1730 2591; x_wconf 91' lang='lat' dir='ltr'><strong>multo</strong></span> <span class='ocrx_word' id='word_1_418' title='bbox 1764 2549 2014 2593; x_wconf 90' lang='lat' dir='ltr'><strong>similiorem</strong></span> <span class='ocrx_word' id='word_1_419' title='bbox 2048 2547 2138 2592; x_wconf 90' lang='lat' dir='ltr'><strong>Cic.</strong></span> <span class='ocrx_word' id='word_1_420' title='bbox 2162 2548 2292 2593; x_wconf 84' lang='lat' dir='ltr'><strong>Brut.</strong></span> <span class='ocrx_word' id='word_1_421' title='bbox 2330 2548 2407 2598; x_wconf 87' lang='lat'><strong>71,</strong></span> <span class='ocrx_word' id='word_1_422' title='bbox 2447 2546 2561 2598; x_wconf 86' lang='grc'><strong>250,</strong></span> <span class='ocrx_word' id='word_1_423' title='bbox 2604 2547 2689 2588; x_wconf 89' lang='lat' dir='ltr'><strong>nisi</strong></span> <span class='ocrx_word' id='word_1_424' title='bbox 2721 2560 2841 2588; x_wconf 89' lang='lat' dir='ltr'><strong>aver·</strong></span> 
     </span>
    </p>
   </div>
   <div class='ocr_carea' id='block_1_7' title="bbox 353 2622 2846 3299">
    <p class='ocr_par' dir='ltr' id='par_1_7' title="bbox 353 2622 2846 3299">
     <span class='ocr_line' id='line_1_30' title="bbox 355 2622 2843 2683; baseline -0 -16"><span class='ocrx_word' id='word_1_425' title='bbox 355 2627 479 2668; x_wconf 83' lang='lat' dir='ltr'><strong>tisset</strong></span> <span class='ocrx_word' id='word_1_426' title='bbox 513 2635 626 2665; x_wconf 89' lang='lat' dir='ltr'><strong>vana</strong></span> <span class='ocrx_word' id='word_1_427' title='bbox 659 2635 771 2677; x_wconf 77' lang='lat' dir='ltr'><strong>speS,</strong></span> <span class='ocrx_word' id='word_1_428' title='bbox 807 2636 864 2665; x_wconf 86' lang='lat' dir='ltr'><strong>ex</strong></span> <span class='ocrx_word' id='word_1_429' title='bbox 897 2625 1069 2665; x_wconf 88' lang='lat' dir='ltr'><strong>vaniore</strong></span> <span class='ocrx_word' id='word_1_430' title='bbox 1104 2637 1270 2665; x_wconf 91' lang='lat' dir='ltr'><strong>rumore</strong></span> <span class='ocrx_word' id='word_1_431' title='bbox 1306 2632 1399 2666; x_wconf 83' lang='lat' dir='ltr'><strong>orta</strong></span> <span class='ocrx_word' id='word_1_432' title='bbox 1433 2625 1530 2668; x_wconf 91' lang='lat' dir='ltr'><strong>Liv.</strong></span> <span class='ocrx_word' id='word_1_433' title='bbox 1567 2622 1780 2668; x_wconf 87' lang='lat' dir='ltr'>XXXIII.</span> <span class='ocrx_word' id='word_1_434' title='bbox 1814 2625 1893 2679; x_wconf 88' lang='grc'><strong>44,</strong></span> <span class='ocrx_word' id='word_1_435' title='bbox 1932 2627 1983 2675; x_wconf 90' lang='grc'><strong>7;</strong></span> <span class='ocrx_word' id='word_1_436' title='bbox 2020 2626 2226 2683; x_wconf 82' lang='lat' dir='ltr'><strong>ingratas,</strong></span> <span class='ocrx_word' id='word_1_437' title='bbox 2260 2623 2438 2666; x_wconf 88' lang='lat' dir='ltr'><strong>Romam</strong></span> <span class='ocrx_word' id='word_1_438' title='bbox 2455 2623 2728 2680; x_wconf 85' lang='lat' dir='ltr'><strong>ingratiorem</strong></span> <span class='ocrx_word' id='word_1_439' title='bbox 2745 2623 2843 2667; x_wconf 88' lang='lat' dir='ltr'><strong>Liv.</strong></span> 
     </span>
     <span class='ocr_line' id='line_1_31' title="bbox 354 2697 2840 2761; baseline -0.001 -17"><span class='ocrx_word' id='word_1_440' title='bbox 354 2697 611 2744; x_wconf 89' lang='lat' dir='ltr'>XXXVIII.</span> <span class='ocrx_word' id='word_1_441' title='bbox 652 2699 729 2753; x_wconf 89' lang='grc'><strong>50,</strong></span> <span class='ocrx_word' id='word_1_442' title='bbox 767 2700 818 2751; x_wconf 89' lang='grc'><strong>7,</strong></span> <span class='ocrx_word' id='word_1_443' title='bbox 853 2701 1098 2742; x_wconf 87' lang='lat' dir='ltr'><strong>inimicitias</strong></span> <span class='ocrx_word' id='word_1_444' title='bbox 1133 2715 1285 2758; x_wconf 87' lang='lat' dir='ltr'><strong>graves</strong></span> <span class='ocrx_word' id='word_1_445' title='bbox 1321 2711 1365 2744; x_wconf 88' lang='lat' dir='ltr'><strong>et</strong></span> <span class='ocrx_word' id='word_1_446' title='bbox 1399 2711 1564 2745; x_wconf 89' lang='lat' dir='ltr'><strong>atroces</strong></span> <span class='ocrx_word' id='word_1_447' title='bbox 1597 2728 1663 2737; x_wconf 89' lang='grc'>-</span> <span class='ocrx_word' id='word_1_448' title='bbox 1695 2705 1914 2761; x_wconf 87' lang='lat' dir='ltr'><strong>graviores</strong></span> <span class='ocrx_word' id='word_1_449' title='bbox 1958 2702 2063 2745; x_wconf 87' lang='lat' dir='ltr'><strong>fiant</strong></span> <span class='ocrx_word' id='word_1_450' title='bbox 2097 2703 2197 2744; x_wconf 91' lang='lat' dir='ltr'><strong>Liv.</strong></span> <span class='ocrx_word' id='word_1_451' title='bbox 2241 2697 2341 2741; x_wconf 81' lang='lat' dir='ltr'><strong>XL.</strong></span> <span class='ocrx_word' id='word_1_452' title='bbox 2386 2698 2565 2751; x_wconf 83' lang='lat'><strong>46‚-5;</strong></span> <span class='ocrx_word' id='word_1_453' title='bbox 2598 2702 2744 2753; x_wconf 84' lang='lat' dir='ltr'><strong>iniquo</strong></span> <span class='ocrx_word' id='word_1_454' title='bbox 2780 2721 2840 2729; x_wconf 92' lang='lat'><strong>—-</strong></span> 
     </span>
     <span class='ocr_line' id='line_1_32' title="bbox 353 2771 2845 2834; baseline 0.001 -14"><span class='ocrx_word' id='word_1_455' title='bbox 353 2779 564 2831; x_wconf 89' lang='lat' dir='ltr'><strong>iniquiore</strong></span> <span class='ocrx_word' id='word_1_456' title='bbox 598 2774 697 2817; x_wconf 82' lang='lat' dir='ltr'><strong>Liv.</strong></span> <span class='ocrx_word' id='word_1_457' title='bbox 731 2771 809 2817; x_wconf 87' lang='lat' dir='ltr'>IV.</span> <span class='ocrx_word' id='word_1_458' title='bbox 848 2775 932 2827; x_wconf 87' lang='grc'><strong>10,</strong></span> <span class='ocrx_word' id='word_1_459' title='bbox 967 2775 1019 2826; x_wconf 89' lang='grc'><strong>4,</strong></span> <span class='ocrx_word' id='word_1_460' title='bbox 1056 2777 1312 2820; x_wconf 88' lang='lat' dir='ltr'><strong>venerabilis</strong></span> <span class='ocrx_word' id='word_1_461' title='bbox 1356 2781 1443 2832; x_wconf 90' lang='lat' dir='ltr'><strong>vir,</strong></span> <span class='ocrx_word' id='word_1_462' title='bbox 1490 2779 1775 2823; x_wconf 88' lang='lat' dir='ltr'><strong>venerabilior</strong></span> <span class='ocrx_word' id='word_1_463' title='bbox 1814 2780 1912 2822; x_wconf 91' lang='lat' dir='ltr'><strong>Liv.</strong></span> <span class='ocrx_word' id='word_1_464' title='bbox 1949 2778 2000 2829; x_wconf 78' lang='lat' dir='ltr'><strong>I.¹</strong></span> <span class='ocrx_word' id='word_1_465' title='bbox 2021 2781 2074 2832; x_wconf 89' lang='grc'><strong>7,</strong></span> <span class='ocrx_word' id='word_1_466' title='bbox 2112 2778 2163 2829; x_wconf 82' lang='grc'><strong>8,</strong></span> <span class='ocrx_word' id='word_1_467' title='bbox 2212 2778 2382 2834; x_wconf 71' lang='lat' dir='ltr'><strong>ignotas</strong></span> <span class='ocrx_word' id='word_1_468' title='bbox 2427 2783 2583 2828; x_wconf 78' lang='lat' dir='ltr'><strong>terras,</strong></span> <span class='ocrx_word' id='word_1_469' title='bbox 2630 2778 2845 2834; x_wconf 78' lang='lat' dir='ltr'><strong>ignotiora</strong></span> 
     </span>
     <span class='ocr_line' id='line_1_33' title="bbox 353 2848 2844 2909; baseline -0.001 -13"><span class='ocrx_word' id='word_1_470' title='bbox 353 2854 488 2896; x_wconf 85' lang='lat' dir='ltr'><strong>maria</strong></span> <span class='ocrx_word' id='word_1_471' title='bbox 519 2852 618 2894; x_wconf 85' lang='lat' dir='ltr'><strong>Liv.</strong></span> <span class='ocrx_word' id='word_1_472' title='bbox 654 2849 687 2892; x_wconf 90' lang='lat'><strong>1.</strong></span> <span class='ocrx_word' id='word_1_473' title='bbox 729 2848 806 2904; x_wconf 88' lang='grc'><strong>56,</strong></span> <span class='ocrx_word' id='word_1_474' title='bbox 844 2849 894 2903; x_wconf 91' lang='grc'><strong>6,</strong></span> <span class='ocrx_word' id='word_1_475' title='bbox 930 2849 1046 2906; x_wconf 89' lang='lat' dir='ltr'><strong>plebi</strong></span> <span class='ocrx_word' id='word_1_476' title='bbox 1079 2866 1215 2904; x_wconf 88' lang='lat' dir='ltr'><strong>carus,</strong></span> <span class='ocrx_word' id='word_1_477' title='bbox 1250 2862 1345 2908; x_wconf 87' lang='lat' dir='ltr'><strong>post</strong></span> <span class='ocrx_word' id='word_1_478' title='bbox 1380 2858 1669 2899; x_wconf 88' lang='lat' dir='ltr'><strong>secessionem</strong></span> <span class='ocrx_word' id='word_1_479' title='bbox 1703 2857 1842 2900; x_wconf 88' lang='lat' dir='ltr'><strong>carior</strong></span> <span class='ocrx_word' id='word_1_480' title='bbox 1876 2864 1942 2899; x_wconf 85' lang='lat' dir='ltr'><strong>est</strong></span> <span class='ocrx_word' id='word_1_481' title='bbox 1973 2856 2111 2899; x_wconf 85' lang='lat' dir='ltr'><strong>factus</strong></span> <span class='ocrx_word' id='word_1_482' title='bbox 2144 2854 2241 2896; x_wconf 84' lang='lat' dir='ltr'><strong>Liv.</strong></span> <span class='ocrx_word' id='word_1_483' title='bbox 2282 2851 2337 2894; x_wconf 92' lang='lat' dir='ltr'><strong>Il.</strong></span> <span class='ocrx_word' id='word_1_484' title='bbox 2374 2850 2463 2906; x_wconf 89' lang='lat'><strong>33,</strong></span> <span class='ocrx_word' id='word_1_485' title='bbox 2502 2853 2585 2905; x_wconf 89' lang='grc'><strong>10,</strong></span> <span class='ocrx_word' id='word_1_486' title='bbox 2632 2867 2765 2909; x_wconf 76' lang='lat' dir='ltr'><strong>quamv</strong></span> <span class='ocrx_word' id='word_1_487' title='bbox 2796 2855 2844 2895; x_wconf 92' lang='lat' dir='ltr'><strong>in</strong></span> 
     </span>
     <span class='ocr_line' id='line_1_34' title="bbox 357 2928 2843 2989; baseline -0.001 -17"><span class='ocrx_word' id='word_1_488' title='bbox 357 2930 502 2984; x_wconf 84' lang='lat' dir='ltr'><strong>paucis</strong></span> <span class='ocrx_word' id='word_1_489' title='bbox 534 2942 647 2983; x_wconf 88' lang='lat' dir='ltr'><strong>spes,</strong></span> <span class='ocrx_word' id='word_1_490' title='bbox 683 2935 841 2982; x_wconf 88' lang='lat' dir='ltr'><strong>quanto</strong></span> <span class='ocrx_word' id='word_1_491' title='bbox 875 2929 921 2969; x_wconf 89' lang='lat' dir='ltr'><strong>in</strong></span> <span class='ocrx_word' id='word_1_492' title='bbox 954 2928 1221 2982; x_wconf 88' lang='lat' dir='ltr'><strong>paucioribus</strong></span> <span class='ocrx_word' id='word_1_493' title='bbox 1253 2931 1432 2975; x_wconf 82' lang='lat' dir='ltr'><strong>facultas</strong></span> <span class='ocrx_word' id='word_1_494' title='bbox 1467 2931 1555 2976; x_wconf 90' lang='lat' dir='ltr'><strong>Cic.</strong></span> <span class='ocrx_word' id='word_1_495' title='bbox 1592 2931 1682 2976; x_wconf 84' lang='lat' dir='ltr'><strong>Off.</strong></span> <span class='ocrx_word' id='word_1_496' title='bbox 1716 2932 1769 2975; x_wconf 93' lang='lat' dir='ltr'><strong>II.</strong></span> <span class='ocrx_word' id='word_1_497' title='bbox 1792 2932 1868 2985; x_wconf 90' lang='grc'><strong>19,</strong></span> <span class='ocrx_word' id='word_1_498' title='bbox 1889 2931 1979 2985; x_wconf 84' lang='grc'><strong>67,</strong></span> <span class='ocrx_word' id='word_1_499' title='bbox 2015 2931 2201 2987; x_wconf 86' lang='lat' dir='ltr'><strong>benigne</strong></span> <span class='ocrx_word' id='word_1_500' title='bbox 2235 2943 2436 2989; x_wconf 79' lang='lat' dir='ltr'><strong>accepere</strong></span> <span class='ocrx_word' id='word_1_501' title='bbox 2464 2928 2770 2987; x_wconf 84' lang='lat' dir='ltr'><strong>benigniusque</strong></span> <span class='ocrx_word' id='word_1_502' title='bbox 2798 2931 2843 2970; x_wconf 91' lang='lat' dir='ltr'><strong>in</strong></span> 
     </span>
     <span class='ocr_line' id='line_1_35' title="bbox 361 3002 2841 3067; baseline 0.001 -20"><span class='ocrx_word' id='word_1_503' title='bbox 361 3006 447 3049; x_wconf 89' lang='lat' dir='ltr'><strong>dies</strong></span> <span class='ocrx_word' id='word_1_504' title='bbox 481 3004 678 3067; x_wconf 73' lang='lat' dir='ltr'><strong>colebant</strong></span> <span class='ocrx_word' id='word_1_505' title='bbox 712 3005 811 3047; x_wconf 91' lang='lat' dir='ltr'><strong>Liv.</strong></span> <span class='ocrx_word' id='word_1_506' title='bbox 847 3002 903 3047; x_wconf 87' lang='grc' dir='ltr'><strong>Π.</strong></span> <span class='ocrx_word' id='word_1_507' title='bbox 922 3002 1002 3057; x_wconf 89' lang='grc'><strong>35,</strong></span> <span class='ocrx_word' id='word_1_508' title='bbox 1031 3004 1084 3059; x_wconf 89' lang='grc'><strong>6,</strong></span> <span class='ocrx_word' id='word_1_509' title='bbox 1122 3020 1226 3060; x_wconf 88' lang='lat' dir='ltr'><strong>quae</strong></span> <span class='ocrx_word' id='word_1_510' title='bbox 1260 3008 1387 3051; x_wconf 87' lang='lat' dir='ltr'><strong>rebus</strong></span> <span class='ocrx_word' id='word_1_511' title='bbox 1419 3017 1542 3067; x_wconf 87' lang='lat' dir='ltr'><strong>grata</strong></span> <span class='ocrx_word' id='word_1_512' title='bbox 1575 3017 1708 3064; x_wconf 84' lang='lat' dir='ltr'><strong>erant,</strong></span> <span class='ocrx_word' id='word_1_513' title='bbox 1742 3012 1930 3067; x_wconf 84' lang='lat' dir='ltr'><strong>gratiora</strong></span> <span class='ocrx_word' id='word_1_514' title='bbox 1962 3008 2106 3052; x_wconf 89' lang='lat' dir='ltr'><strong>verbis</strong></span> <span class='ocrx_word' id='word_1_515' title='bbox 2137 3006 2301 3050; x_wconf 86' lang='lat' dir='ltr'><strong>faceret</strong></span> <span class='ocrx_word' id='word_1_516' title='bbox 2332 3005 2431 3049; x_wconf 85' lang='lat' dir='ltr'><strong>Liv.</strong></span> <span class='ocrx_word' id='word_1_517' title='bbox 2466 3002 2609 3050; x_wconf 87' lang='lat' dir='ltr'>XLV.</span> <span class='ocrx_word' id='word_1_518' title='bbox 2643 3006 2719 3061; x_wconf 89' lang='lat'><strong>13,</strong></span> <span class='ocrx_word' id='word_1_519' title='bbox 2758 3006 2841 3058; x_wconf 83' lang='grc'><strong>13,</strong></span> 
     </span>
     <span class='ocr_line' id='line_1_36' title="bbox 359 3080 2846 3145; baseline 0.001 -23"><span class='ocrx_word' id='word_1_520' title='bbox 359 3082 555 3126; x_wconf 77' lang='lat' dir='ltr'><strong>infestum</strong></span> <span class='ocrx_word' id='word_1_521' title='bbox 589 3090 780 3124; x_wconf 86' lang='lat' dir='ltr'><strong>senatum</strong></span> <span class='ocrx_word' id='word_1_522' title='bbox 816 3080 1082 3125; x_wconf 79' lang='lat' dir='ltr'><strong>infestiorem</strong></span> <span class='ocrx_word' id='word_1_523' title='bbox 1115 3083 1212 3126; x_wconf 92' lang='lat' dir='ltr'><strong>Liv.</strong></span> <span class='ocrx_word' id='word_1_524' title='bbox 1250 3084 1361 3140; x_wconf 88' lang='lat' dir='ltr'><strong>Epit.</strong></span> <span class='ocrx_word' id='word_1_525' title='bbox 1396 3084 1608 3141; x_wconf 84' lang='lat' dir='ltr'>XLVn1;</span> <span class='ocrx_word' id='word_1_526' title='bbox 1644 3087 1750 3131; x_wconf 89' lang='lat' dir='ltr'><strong>haec</strong></span> <span class='ocrx_word' id='word_1_527' title='bbox 1784 3089 1822 3130; x_wconf 90' lang='lat' dir='ltr'><strong>si</strong></span> <span class='ocrx_word' id='word_1_528' title='bbox 1855 3088 2002 3145; x_wconf 82' lang='lat' dir='ltr'><strong>gravia</strong></span> <span class='ocrx_word' id='word_1_529' title='bbox 2035 3092 2080 3128; x_wconf 88' lang='lat' dir='ltr'><strong>et</strong></span> <span class='ocrx_word' id='word_1_530' title='bbox 2113 3082 2266 3127; x_wconf 85' lang='lat' dir='ltr'><strong>acerba</strong></span> <span class='ocrx_word' id='word_1_531' title='bbox 2299 3082 2543 3138; x_wconf 89' lang='lat' dir='ltr'><strong>videantur,</strong></span> <span class='ocrx_word' id='word_1_532' title='bbox 2589 3082 2722 3127; x_wconf 92' lang='lat' dir='ltr'><strong>multo</strong></span> <span class='ocrx_word' id='word_1_533' title='bbox 2765 3081 2846 3126; x_wconf 82' lang='lat' dir='ltr'><strong>illa</strong></span> 
     </span>
     <span class='ocr_line' id='line_1_37' title="bbox 360 3155 2844 3220; baseline 0.001 -22"><span class='ocrx_word' id='word_1_534' title='bbox 360 3160 527 3214; x_wconf 84' lang='lat' dir='ltr'><strong>gravius</strong></span> <span class='ocrx_word' id='word_1_535' title='bbox 560 3157 686 3201; x_wconf 91' lang='lat' dir='ltr'><strong>Caes.</strong></span> <span class='ocrx_word' id='word_1_536' title='bbox 722 3157 771 3201; x_wconf 92' lang='lat' dir='ltr'><strong>B.</strong></span> <span class='ocrx_word' id='word_1_537' title='bbox 806 3159 858 3202; x_wconf 84' lang='lat' dir='ltr'><strong>G.</strong></span> <span class='ocrx_word' id='word_1_538' title='bbox 895 3155 990 3201; x_wconf 89' lang='lat' dir='ltr'>VII.</span> <span class='ocrx_word' id='word_1_539' title='bbox 1031 3159 1110 3212; x_wconf 90' lang='grc'><strong>14,</strong></span> <span class='ocrx_word' id='word_1_540' title='bbox 1171 3162 1344 3216; x_wconf 87' lang='lat' dir='ltr'><strong>cupidus</strong></span> <span class='ocrx_word' id='word_1_541' title='bbox 1377 3186 1444 3195; x_wconf 88' lang='lat'><strong>—</strong></span> <span class='ocrx_word' id='word_1_542' title='bbox 1477 3166 1666 3220; x_wconf 83' lang='lat' dir='ltr'><strong>cupidior</strong></span> <span class='ocrx_word' id='word_1_543' title='bbox 1700 3163 1809 3207; x_wconf 83' lang='lat' dir='ltr'><strong>Sall.</strong></span> <span class='ocrx_word' id='word_1_544' title='bbox 1842 3162 1938 3220; x_wconf 88' lang='lat' dir='ltr'><strong>Jug.</strong></span> <span class='ocrx_word' id='word_1_545' title='bbox 1974 3162 2060 3216; x_wconf 88' lang='lat'><strong>95,</strong></span> <span class='ocrx_word' id='word_1_546' title='bbox 2098 3159 2152 3213; x_wconf 88' lang='grc'><strong>3,</strong></span> <span class='ocrx_word' id='word_1_547' title='bbox 2198 3173 2298 3201; x_wconf 90' lang='lat' dir='ltr'><strong>num</strong></span> <span class='ocrx_word' id='word_1_548' title='bbox 2337 3167 2477 3214; x_wconf 88' lang='lat' dir='ltr'><strong>potest</strong></span> <span class='ocrx_word' id='word_1_549' title='bbox 2519 3163 2657 3219; x_wconf 80' lang='lat' dir='ltr'><strong>magis</strong></span> <span class='ocrx_word' id='word_1_550' title='bbox 2700 3172 2844 3203; x_wconf 83' lang='lat' dir='ltr'><strong>carere</strong></span> 
     </span>
     <span class='ocr_line' id='line_1_38' title="bbox 359 3233 2845 3299; baseline 0.001 -23"><span class='ocrx_word' id='word_1_551' title='bbox 359 3233 429 3276; x_wconf 86' lang='lat' dir='ltr'><strong>his</strong></span> <span class='ocrx_word' id='word_1_552' title='bbox 464 3235 652 3277; x_wconf 84' lang='lat' dir='ltr'><strong>omnibus</strong></span> <span class='ocrx_word' id='word_1_553' title='bbox 689 3249 811 3289; x_wconf 89' lang='lat' dir='ltr'><strong>quam</strong></span> <span class='ocrx_word' id='word_1_554' title='bbox 846 3236 991 3280; x_wconf 70' lang='lat' dir='ltr'><strong>caret?</strong></span> <span class='ocrx_word' id='word_1_555' title='bbox 1027 3235 1115 3280; x_wconf 91' lang='lat' dir='ltr'><strong>Cic.</strong></span> <span class='ocrx_word' id='word_1_556' title='bbox 1153 3253 1227 3292; x_wconf 89' lang='lat' dir='ltr'><strong>pro</strong></span> <span class='ocrx_word' id='word_1_557' title='bbox 1261 3239 1360 3297; x_wconf 90' lang='lat' dir='ltr'><strong>Lig.</strong></span> <span class='ocrx_word' id='word_1_558' title='bbox 1396 3241 1442 3295; x_wconf 87' lang='lat'><strong>4,</strong></span> <span class='ocrx_word' id='word_1_559' title='bbox 1481 3243 1553 3285; x_wconf 91' lang='lat'><strong>11.</strong></span> <span class='ocrx_word' id='word_1_560' title='bbox 1623 3243 1729 3285; x_wconf 85' lang='lat' dir='ltr'><strong>Esse</strong></span> <span class='ocrx_word' id='word_1_561' title='bbox 1765 3249 1808 3284; x_wconf 91' lang='lat' dir='ltr'><strong>te</strong></span> <span class='ocrx_word' id='word_1_562' title='bbox 1844 3240 2012 3299; x_wconf 82' lang='lat' dir='ltr'><strong>quidem</strong></span> <span class='ocrx_word' id='word_1_563' title='bbox 2045 3235 2151 3280; x_wconf 90' lang='lat' dir='ltr'><strong>mihi</strong></span> <span class='ocrx_word' id='word_1_564' title='bbox 2183 3238 2566 3290; x_wconf 86' lang='lat' dir='ltr'><strong>carissimum,</strong></span> <span class='ocrx_word' id='word_1_565' title='bbox 2600 3236 2675 3280; x_wconf 87' lang='lat' dir='ltr'><strong>sed</strong></span> <span class='ocrx_word' id='word_1_566' title='bbox 2709 3235 2845 3279; x_wconf 87' lang='lat' dir='ltr'><strong>multo</strong></span> 
     </span>
    </p>
   </div>
  </div>
 </body>
</html>
