3053 3697
157 334 206 376 in
241 330 324 375 hac
343 315 449 374 *tota
496 343 625 373 eausa
666 330 887 384 frequens*
910 337 1202 383 moestumque
1245 327 1436 379 vidistis,
1485 326 1578 378 tbttt
1625 323 1745 380 bitsess
1793 328 1873 370 aab
1917 320 2112 379 &tionem
2155 322 2219 378 ft'tt
2267 324 2510 381 hunniam,
2557 323 2650 380 bisse

154 404 493 464 abtungtumtbe
527 401 877 462 mnitipatflabt,
910 404 1021 449 beten
1055 401 1300 456 &innobans
1331 402 1420 449 Cic.
1457 419 1533 459 pro
1567 402 1681 449 Mur.
1717 401 1798 457 41,
1834 401 1924 454 703
1957 400 2247 458 Apollonium,
2279 402 2495 450 hominem
2526 390 2647 449 100-ss

150 485 450 539 pletissimum,
485 486 572 535 qui,
608 486 646 525 si
677 484 850 537 fugitivi
881 482 1042 525 bellum
1074 485 1121 525 in
1154 480 1306 526 Sicilia
1334 482 1542 532 facerent,
1576 479 1858 535 amplissimas
1901 480 2096 523 fortunas
2128 480 2369 531 amitteret,
2410 485 2455 525 in
2500 479 2643 525 vincla

153 563 337 616 conjecit
371 558 462 601 Cic.
496 557 626 602 Verr.
661 557 716 601 V.
764 561 808 611 8,
847 561 930 608 183
964 569 1032 602 est
1065 568 1209 601 antem
1238 560 1377 614 magis
1411 559 1743 609 circamoerium,
1777 555 1912 608 locus,
1948 573 2074 610 quem
2106 556 2316 610 quondam
2336 556 2503 603 Etrusci
2537 575 2640 601 con-

88 678 93 691 Κ
150 636 376 680 sacrabant
409 636 510 678 Liv.
546 636 580 679 1.
615 620 696 686 44,
728 635 785 686 4;
818 635 982 688 Potitii,
1016 651 1140 692 gens,
1176 638 1298 691 cnjus
1329 635 1384 678 ad
1416 650 1531 678 aram
1563 635 1659 677 Liv.
1694 630 1776 677 IX.
1813 632 1894 684 29,
1929 631 1988 684 93
2019 632 2224 686 Priscus,
2273 636 2338 676 vir
2381 637 2498 690 cujus
2538 634 2636 678 Liv.

155 710 233 757 IV.
268 710 349 766 46,
387 712 475 761 1ος
526 711 713 770 Magius,
747 715 811 756 vir
842 714 911 756 eui
944 709 1041 756 [aiv.
1074 709 1327 764 xxmj‘,
1362 710 1416 762 4;
1465 708 1611 765 Sulla,
1647 712 1739 764 vir,
1774 711 1846 764 qui
1880 707 1997 752 vell.
2035 707 2088 752 11.
2126 709 2201 763 17,
2241 711 2293 760 1;
2337 707 2526 755 Videsne
2560 711 2638 755 hos

150 798 301 834 omnes
339 789 504 843 equites
537 787 775 844 Romanos,
823 792 894 844 qui
927 789 1080 832 adsunt
1112 798 1233 832 veste
1266 796 1451 839 mutata,
1496 802 1581 831 non
1615 786 1753 829 solum
1789 795 1914 830 notos
1949 786 2062 837 tibi,
2086 800 2232 830 verum
2275 789 2407 830 etiam
2440 788 2636 842 probatos

149 869 291 920 viros,
331 867 404 921 qui
438 875 577 909 tecum
612 867 782 910 fuerunt
814 866 904 911 Cic.
938 882 1013 922 pro
1044 866 1144 923 Lig.
1183 865 1266 918 11,
1297 864 1384 915 333
1433 872 1479 907 ut
1520 861 1576 914 Q.
1624 861 1833 907 Scaevola
1868 861 2185 916 vulneraretur,
2235 866 2300 907 vir
2347 866 2638 909 sanctissimus

155 952 285 997 atque
321 944 615 984 ornatissimus
646 952 817 984 nostrae
852 944 1054 992 civitatis,
1089 941 1144 983 de
1177 940 1452 997 cujus-laude
1487 955 1623 992 neque
1658 940 1728 982 hic
1773 939 1894 982 locus
1937 947 2005 981 est
2047 947 2095 980 ut
2137 939 2270 982 multa
2310 941 2504 983 dicautur
2546 940 2635 984 Cic.

149 1020 277 1063 Rosc.
313 1020 412 1061 Am.
455 1020 529 1071 12,
564 1020 652 1068 333
687 1021 873 1072 Horatii,
907 1021 1132 1060 fortissimi
1165 1020 1260 1071 viri,
1296 1022 1364 1072 qui
1398 1019 1581 1060 nondum
1616 1018 1755 1058 libera
1789 1020 1963 1059 civitate
1997 1025 2141 1058 tamen
2175 1018 2317 1071 populi
2351 1018 2534 1060 Romani
2566 1034 2639 1060 co·

147 1098 283 1138 mitiis
316 1096 522 1137 liberatus
557 1104 638 1148 est,
672 1106 790 1150 gegen
807 1091 1022 1152 ᾠοταΐὶυό,
1059 1094 1169 1146 imm
1184 1094 1347 1150 ῷεῐδεη,
1385 1094 1448 1136 bet
1483 1093 1575 1136 Cic.
1612 1109 1687 1146 pro
1722 1092 1819 1135 Mil.
1856 1092 1903 1142 3,
1940 1094 1968 1136 7
1982 1104 1995 1143 3
2028 1096 2169 1148 imago
2200 1083 2267 1135 avi
2294 1097 2371 1145 tui,
2407 1093 2635 1137 clarissimi

149 1174 245 1225 viri,
282 1173 352 1226 qui
386 1175 543 1213 amavit
574 1174 699 1214 unice
733 1173 911 1225 patriam
944 1168 1035 1213 Cic.
1071 1168 1162 1211 Cat.
1198 1169 1273 1211 Ill.
1293 1171 1338 1224 5,
1364 1172 1437 1214 ’10
1471 1173 1579 1224 (gum
1612 1156 1813 1220 ffitwtlse',
1853 1168 1929 1221 Ὀαβ
1964 1170 2036 1223 qni
2067 1172 2227 1212 amavit
2261 1167 2532 1224 gtammntisd)
2565 1168 2635 1223 fid)

147 1245 251 1301 nicht
283 1247 358 1299 auf
387 1248 455 1289 avi
489 1250 565 1296 tui,
600 1247 764 1300 sonbern
799 1247 874 1298 auf
904 1249 981 1289 viri
1016 1243 1172 1301 beaiebt,
1205 1243 1307 1289 {ann
1339 1242 1551 1301 υετςῑίᾠιη
1585 1246 1759 1288 methea:
1807 1246 1865 1288 At
1916 1247 2031 1289 enim
2065 1248 2130 1286 vir
2164 1246 2440 1298 clarissimus,
2486 1262 2634 1290 aman·

148 1325 339 1366 tissimus
373 1326 438 1366 rei
470 1323 679 1377 publicae,
717 1321 771 1371 Q.
809 1321 990 1365 Catulus
1023 1320 1112 1364 Cic.
1144 1321 1247 1376 Imp.
1285 1321 1363 1364 Cn.
1399 1321 1592 1376 Pomp.);
1628 1322 1779 1364 Hosne
1815 1325 1995 1372 amicos,
2032 1321 2142 1364 tales
2173 1325 2303 1373 viros,
2340 1331 2424 1364 tam
2458 1324 2632 1378 cupidos

148 1401 229 1454 sui,
264 1415 340 1456 per
373 1413 478 1455 quos
515 1431 527 1443 .
548 1430 559 1441 .
580 1429 591 1441 .
629 1407 753 1443 erant
787 1397 878 1442 Cic.
915 1413 991 1454 pro
1027 1396 1137 1442 Sull.
1173 1398 1251 1452 27,
1288 1390 1371 1451 75'3
1406 1397 1685 1455 Syracusani,
1722 1398 1920 1442 homines
1954 1400 2079 1453 periti
2112 1406 2155 1442 et
2190 1398 2386 1452 humani,
2431 1402 2500 1454 qui
2544 1415 2630 1443 non

146 1476 273 1520 modo
309 1489 375 1528 ea,
411 1490 523 1530 quae,
548 1478 769 1530 perspicua
801 1483 962 1527 essent,
997 1474 1156 1527 videre,
1190 1489 1333 1517 verum
1367 1476 1496 1543 etiam
1531 1475 1698 1518 occulta
1729 1477 1934 1530 suspicari
1968 1484 2141 1530 possent
2177 1475 2268 1518 Cic.
2303 1476 2426 1518 Verr.
2468 1475 2522 1517 V.
2546 1477 2625 1528 28,

150 1551 237 1604 ⁷1,
273 1561 336 1595 mo
371 1553 456 1606 qui,
491 1548 566 1594 mie
600 1552 665 1595 bet
698 1548 938 1605 §minuitis
971 1559 1144 1606 possent
1178 1547 1336 1603 bemeifi,
1374 1553 1413 1607 fo
1449 1549 1575 1608 gemifi
1610 1552 1685 1604 auf
1713 1550 1773 1596 bie
1788 1549 2025 1607 ‘appetitiva
2058 1552 2253 1596 homines
2287 1551 2357 1605 sud>
2391 1550 2531 1609 bessiebt
2563 1556 2629 1596 aa

147 1624 204 1671 im
239 1627 443 1682 folgenben
476 1624 675 1681 {Beispiete
708 1630 779 1682 qui
814 1626 888 1678 auf
916 1628 981 1670 vir
1015 1624 1108 1679 aud)
1143 1626 1250 1669 baim
1284 1625 1377 1680 nod)
1412 1625 1481 1680 fid>
1517 1625 1689 1683 begieben
1722 1626 1874 1680 mfitbe,
1912 1637 2030 1671 menn
2063 1629 2139 1670 bas
2174 1637 2243 1671 vot
2280 1632 2351 1682 qui
2382 1628 2552 1682 stebcnbc
2586 1637 2627 1671 et

146 1703 284 1757 feblte:
352 1702 545 1746 Pinarius
581 1712 686 1755 erat,
722 1706 785 1747 vir
819 1718 917 1746 acer
950 1712 994 1746 et
1027 1704 1096 1758 qui
1128 1701 1222 1758 plus
1254 1704 1300 1745 in
1333 1717 1402 1759 eo,
1437 1720 1492 1747 ne
1526 1714 1670 1759 posset
1701 1705 1853 1760 decipi,
1889 1720 2013 1760 quam
2048 1707 2091 1748 in
2124 1704 2208 1748 fide
2235 1703 2470 1748 Siculorum
2505 1721 2625 1761 repo·

146 1788 268 1823 neret
300 1781 397 1821 Liv.
433 1776 603 1819 XXIV.
640 1780 719 1834 37,
755 1779 810 1833 3,
847 1780 929 1821 unb
963 1779 1002 1832 so
1035 1775 1161 1835 gemifi
1194 1779 1260 1819 <11ss
1294 1776 1543 1833 Sopatrum,
1580 1781 1797 1822 hominem
1831 1797 1925 1822 cum
1959 1781 2073 1822 domi
2106 1782 2293 1823 nobilem
2337 1791 2423 1822 tum
2463 1796 2623 1823 summo

144 1858 393 1915 magistratu
409 1856 639 1911 praeditum
670 1854 763 1910 auch
799 1853 932 1910 beifien
965 1853 1123 1900 {finntcz
1159 1853 1402 1911 Sopatrum,
1438 1857 1651 1900 hominem
1686 1857 1802 1900 domi
1836 1858 2041 1910 nobilem,
2076 1859 2148 1912 qui
2181 1871 2345 1901 summo
2379 1860 2624 1915 magistratu

145 1941 236 1978 erat
271 1933 482 1989 praeditus
517 1932 606 1976 Cic.
640 1932 764 1977 Verr.
799 1930 878 1975 IV.
912 1931 1000 1985 40,
1038 1931 1124 1982 86;
1158 1930 1445 1988 Democritus,
1480 1935 1545 1977 vir
1577 1948 1755 1992 magnus
1788 1936 1833 1977 in
1869 1938 2029 1990 primis,
2066 1937 2186 1992 cujus
2209 1935 2399 1978 fontibus
2416 1935 2622 1990 Epicurus

143 2009 336 2054 hortulos
370 2023 471 2052 suos
506 2011 696 2068 irrigavit
729 2008 821 2053 Cic.
857 2007 911 2054 N.
947 2009 1003 2052 D.
1037 2008 1071 2052 Ι.
1105 2008 1183 2062 43,
1224 2009 1342 2060 1203
1375 2018 1647 2065 posteaquam
1680 2009 1992 2054 intellexerunt
2026 2013 2096 2054 isti
2126 2013 2261 2054 virum
2295 2011 2462 2063 fortem,
2497 2025 2620 2066 quem

144 2101 306 2130 summe
340 2087 558 2142 provincia
592 2087 883 2143 exspectabat,
919 2084 974 2137 Q.
1008 2085 1176 2129 Atrium
1210 2101 1294 2128 non
1331 2086 1558 2131 succedere
1592 2085 1682 2130 Cic.
1718 2084 1843 2131 Verr.
1879 2086 1956 2131 IV.
1996 2088 2070 2141 19,
2105 2087 2167 2132 42
2202 2084 2304 2131 {ann
2332 2099 2418 2143 gum
2443 2085 2620 2141 fflcweist

144 2161 293 2215 bienen,
332 2163 410 2218 bafi
444 2163 519 2206 bass
553 2160 712 2207 §Relatio
748 2161 842 2216 aud)
876 2164 984 2206 bonu
1017 2160 1086 2216 fid>
1133 2162 1207 2215 auf
1242 2166 1375 2206 virum
1419 2160 1572 2220 begssge,
1614 2173 1731 2207 menn
1777 2164 1841 2207 bet
1886 2163 1985 2216 &ab
2025 2163 2064 2216 so
2107 2164 2267 2208 mittete:
2339 2162 2391 2214 Q.
2437 2163 2615 2216 Atrium,

140 2241 276 2283 virum
308 2240 484 2293 sortem,
503 2260 507 2263 ·
527 2255 650 2295 quem
685 2255 846 2284 summe
879 2240 1095 2295 provincia
1127 2240 1416 2296 respectabat3
1474 2237 1529 2290 Q.
1565 2239 1815 2293 Metellum,
1850 2257 1990 2284 meum
2022 2240 2300 2295 familiarem,
2334 2240 2613 2285 clarissimum

139 2318 289 2370 virum,
325 2319 396 2371 qui
430 2313 526 2361 Cic.
561 2316 613 2360 de
650 2314 726 2360 Or.
764 2316 838 2360 llI.
875 2317 951 2370 18,
986 2315 1072 2366 68;
1108 2314 1185 2360 Cn.
1221 2316 1419 2372 Pompei,
1454 2317 1757 2372 sapientissimi
1792 2326 1835 2360 et
1860 2318 2093 2374 justissimi
2126 2319 2225 2366 viri,
2266 2316 2510 2371 consilium,
2546 2319 2615 2372 qui

138 2394 328 2450 profecto
365 2408 442 2436 nec
470 2395 666 2449 justitiae
702 2409 802 2436 suae
836 2402 1003 2448 putaret
1035 2407 1157 2445 esse,
1193 2408 1272 2437 nec
1304 2395 1539 2448 sapientiae
1573 2392 1663 2437 Cic.
1697 2394 1799 2449 Imp.
1835 2392 1914 2438 Cn.
1948 2393 2095 2448 Pomp.
2130 2393 2163 2436 Ι.
2201 2394 2255 2443 23
2300 2392 2614 2437 Theomnastus

139 2470 319 2524 quidam,
356 2470 482 2511 homo
516 2470 695 2513 ridicule
728 2473 921 2522 insanus,
956 2484 1080 2523 quem
1114 2467 1371 2524 Syracusani
1404 2469 1690 2512 Theoractum
1736 2480 1888 2513 vocant
1935 2468 2025 2513 Cic.
2073 2467 2196 2512 Verr.
2231 2467 2307 2511 lv.
2356 2469 2443 2518 66,
2494 2470 2609 2518 1483

137 2545 192 2588 ad
225 2545 420 2587 homines
453 2544 764 2599 alienissimos,
800 2560 826 2588 a
858 2535 1096 2602 navigando
1129 2546 1460 2598 remotissimos,
1495 2546 1547 2588 ad
1582 2545 1908 2600 CenturipinoS,
1952 2546 2150 2588 homines
2189 2548 2375 2588 maxime
2418 2546 2615 2588 mediter·

135 2634 305 2673 raneos,
341 2634 526 2664 summos
558 2630 772 2676 aratores,
807 2624 879 2677 qui
912 2635 1066 2664 nomen
1100 2634 1314 2675 nunquam
1347 2622 1588 2665 timuissent
1630 2624 1828 2665 maritimi
1862 2621 2111 2676 praedonis,
2156 2636 2285 2680 unum
2333 2630 2376 2684 te
2418 2629 2613 2675 praetore

136 2697 400 2742 horruissent
448 2697 685 2753 Apronium
732 2698 822 2745 Cic.
875 2696 1000 2743 Verr.
1052 2697 1108 2743 V.
1153 2697 1240 2753 27,
1294 2700 1377 2749 70;
1442 2697 1790 2752 Frequentissimi
1835 2705 2043 2740 venerunt
2089 2705 2369 2749 mercatores,
2415 2694 2614 2741 homines

135 2774 370 2831 locupletes
403 2783 528 2830 atque
562 2774 749 2827 honesti,
785 2778 856 2830 qui
890 2775 981 2819 Cic.
1014 2774 1135 2819 Verr.
1170 2773 1227 2819 V.
1264 2775 1351 2826 59,
1391 2775 1505 2825 1543
1542 2773 1715 2829 Caepio,
1750 2775 1815 2815 vir
1849 2788 1947 2817 acer
1979 2783 2024 2816 et
2055 2774 2193 2824 fortis,
2230 2776 2295 2815 cui
2321 2774 2489 2815 fortuna
2506 2773 2613 2818 belli

135 2852 320 2903 crimini,
354 2852 514 2894 invidia
546 2851 689 2906 populi
722 2851 956 2895 calamitati
992 2852 1074 2894 fuit
1108 2851 1196 2894 Cic.
1232 2850 1356 2894 Verr.
1392 2849 1448 2892 V.
1498 2851 1612 2898 1353
1645 2866 1670 2892 a
1704 2848 1911 2902 Caecilia,
1947 2851 2255 2904 spectatissima
2286 2850 2469 2902 femina,
2505 2865 2611 2905 quae

136 2925 225 2968 Cic.
260 2926 387 2970 Rosc.
421 2927 517 2970 Am.
554 2926 632 2977 50,
675 2925 786 2976 147;
821 2928 930 2982 apud
964 2927 1166 2980 Graecos,
1199 2928 1467 2970 doctissimos
1501 2927 1712 2978 homines,
1749 2927 1899 2980 quibus
1931 2926 2048 2979 loqui
2082 2925 2329 2967 et'scribere
2355 2924 2537 2967 honeste
2565 2935 2609 2968 et

133 3002 358 3060 magnifice
390 3003 549 3046 licebat
582 3002 672 3045 Cic.
708 2989 783 3057 pro
817 3002 936 3045 Cael.
977 3005 1053 3055 17,
1089 3003 1173 3053 40;
1206 3003 1435 3056 Diodorus,
1471 3003 1600 3045 homo
1635 3003 1748 3059 frugi
1781 3018 1828 3044 ac
1861 2997 2065 3059 diligens,
2101 3004 2169 3055 qui
2196 3015 2272 3042 sua
2288 3014 2459 3043 servare
2479 3001 2611 3044 vellet

134 3077 221 3122 Cic.
255 3076 380 3139 Verr.
414 3077 488 3121 IV.
526 3079 611 3132 18,
647 3078 731 3129 393
766 3079 819 3122 ab
853 3079 1030 3135 Lysone
1063 3079 1367 3136 Lilybaetano,
1401 3081 1535 3134 primo
1570 3077 1769 3130 homine,
1815 3078 1925 3133 apud
1970 3093 2095 3132 quem
2135 3077 2379 3121 deversatus
2423 3090 2469 3118 es
2515 3076 2606 3121 Cic.

132 3154 257 3199 Verr.
293 3153 371 3198 IV.
408 3154 493 3207 17,
526 3156 617 3205 3⁷3
652 3156 889 3211 Eupolemo
924 3155 1170 3210 Calactino,
1215 3157 1379 3201 homini
1414 3156 1573 3208 nobili,
1611 3156 1883 3201 Lucullorum
1920 3155 2088 3211 hospiti.
2112 3170 2162 3198 ac
2197 3154 2493 3210 perfamiliari,
2537 3157 2609 3209 qui

132 3248 242 3276 nunc
276 3233 384 3288 apud
417 3233 652 3275 exercitum
687 3249 780 3276 cum
814 3235 870 3278 L.
906 3234 1089 3278 Lucullo
1124 3244 1191 3278 est
1224 3235 1313 3278 Cic.
1348 3232 1473 3279 Vei-r.
1507 3232 1583 3276 lv.
1617 3235 1703 3287 22,
1736 3233 1826 3282 493
1870 3234 1924 3276 L.
1961 3232 2139 3286 Crasso,
2175 3230 2228 3283 Q.
2263 3230 2519 3286 Scaevolae,
2554 3231 2603 3276 C.

2023 3310 2053 3354 2

2845 3456 3053 3697 d
